2356 3818
485 128 495 159 Ι
585 120 587 125 .

202 186 208 201 ‘
299 174 301 179 ’
387 209 717 298 aesopo-rap
910 272 914 279 ,
1016 212 1050 272 11

56 399 177 444 exuere
187 376 296 441 frenos
308 378 352 439 im
375 379 528 441 111111-
545 386 577 441 11
596 377 657 441 hoc
668 377 787 440 novum
797 413 848 459 —,
867 397 929 462 quo
947 377 1052 439 acrius

55 466 267 527 incurrerent.
297 482 335 523 ea
352 398 490 546 denique
508 462 657 525 atrocitas
696 461 789 524 roelii
806 461 867 525 fuit
872 509 881 542 ‚
899 469 935 524 ut
952 462 1078 524 inter-4

56 546 160 610 fuisse
178 544 359 628 spectaculo
378 545 454 609 deos
472 544 559 608 fama
577 483 756 608 tradiderit.
782 544 845 608 duo
859 546 894 608 in
905 544 1051 608 candidis

17 706 20 711 .
49 647 76 693 ‘e
99 631 151 692 uis
159 627 872 714 iuvenesmoresiderumpraetervolaverunt3
886 627 1053 713 Castorem

31 652 164 798 solque
173 711 338 776 Pollucem
348 733 442 775 nemo
453 711 622 776 dubitavit.
639 713 748 797 itaque
759 720 790 776 et
800 713 972 797 imperator
982 713 1053 795 ipse

55 805 235 859 veneratus.
260 804 308 858 est
325 805 502 881 pactusque
522 797 692 860 victoriam
710 795 831 880 templa
852 796 1001 881 promisit
1022 800 1054 858 et

54 877 209 958 reddidit,
220 878 315 962 plane
327 880 419 965 quasi
430 880 623 964 stipendium
635 878 904 943 commilitonibus
916 878 977 942 dis.

141 960 306 1025 Hactenus
324 985 382 1047 pro
399 961 562 1043 libertate,
579 985 656 1026 mox
673 963 713 1026 de
727 961 845 1026 finibus
864 983 937 1025 cum
950 961 1079 1024 isdem5

55 1046 183 1109 Latinis
196 1045 331 1113 adsidue
343 1054 374 1109 et
382 1048 451 1110 sine
462 1047 698 1109 intermissione
708 1055 885 1131 pugnatum
896 1053 953 1108 est.
968 1043 1079 1115 Corao

20 1146 100 1186 10-
119 1129 191 1215 quis
209 1128 397 1192 11111111-
414 1138 446 1194 et
461 1129 588 1192 Alsium
604 1131 720 1193 terrori
737 1129 877 1211 fuerunt,
895 1127 1054 1192 Satricum

56 1212 102 1276 ad
124 1233 164 1274 ue
187 1211 395 1276 Corniculum
414 1215 610 1298 provinciae.
642 1213 683 1277 de
704 1212 834 1277 Verulis
864 1221 895 1277 11
915 1211 1053 1277 Bovillis

49 1235 167 1381 pudet,
179 1295 237 1359 sed
246 1296 522 1381 triumphavimus.
557 1295 668 1377 Tibur,
681 1318 767 1360 nunc
777 1296 1005 1376 suburbanum,
1020 1303 1050 1359 et
1055 1307 1077 1354 '7

56 1379 202 1443 aestivae
213 1372 388 1443 Praeneste
401 1379 535 1443 deliciae
545 1381 736 1465 nuncupatis
748 1381 782 1444 in
795 1378 955 1464 Capitolio
967 1381 1051 1444 votis

54 1461 258 1561 petebantur.
289 1462 376 1543 idem
391 1468 469 1526 tunc
490 1463 647 1526 Faesulae
669 1462 755 1549 quod
778 1463 919 1527 Carrhae
940 1486 984 1527 nu
1007 1476 1078 1544 er,8

22 1569 49 1610 15
59 1547 147 1611 1dem
155 1568 268 1609 nemus
278 1546 447 1610 Aricinum
479 1546 545 1610 uod
555 1545 643 1609 Herc
691 1549 738 1610 'us
756 1546 866 1626 saltus,
883 1485 1054 1630 Fregellae

56 1627 146 1716 quod
163 1629 404 1710 Caesoriacum,
428 1568 555 1695 Tiheris
571 1651 633 1714 quo
676 1628 869 1715 Euphrates.
905 1628 1078 1697 Coriolos9

16 1746 18 1750 ·
56 1734 185 1799 quoque
201 1734 316 1798 —pro
332 1713 453 1799 pudor!
468 1752 511 1763 -
527 1715 631 1777 victos
650 1714 731 1778 adeo
749 1714 872 1796 gloriae
888 1712 1000 1794 fuisse,
1018 1721 1054 1776 ut

57 1804 186 1882 captum
202 1796 354 1883 oppidum
373 1797 483 1862 Gneus
501 1797 643 1861 Marcius
663 1797 853 1862 Coriolanus
877 1797 970 1881 quasi
986 1795 1053 1859 Nu-

56 1881 211 1945 mantiam
228 1889 283 1943 aut
293 1881 439 1945 Africam
454 1883 576 1946 nomini
591 1881 748 1945 indueret.
784 1889 895 1946 extant
913 1888 944 1944 et
960 1888 1053 1965 parta
1064 1887 1096 1938 10

22 1987 49 2028 ao
59 1963 102 2027 de
112 1963 210 2027 Antio
222 1963 334 2049 spolia,
346 1988 427 2051 quae
434 1965 581 2030 Maenius
592 1965 627 2028 in
637 1974 792 2050 suggestu
802 1964 866 2028 fori
877 1972 970 2050 capta
981 1963 1052 2028 hos-

54 2048 138 2110 tirnn
148 2045 250 2111 classe
264 2048 436 2112 1111111111-
446 2051 474 2113 si
484 2059 593 2114 tamen
603 2048 660 2114 illa
671 2049 793 2131 classis,
805 2069 880 2112 nam
891 2070 950 2112 sex
960 2047 1053 2111 fuere

55 2137 224 2196 rostratae.
242 2131 362 2195 sedhic
373 2155 523 2198 numerus
534 2132 598 2196 illis
609 2135 708 2196 initiis
721 2132 836 2196 navale
847 2130 969 2194 bellum
979 2131 1050 2194 fuit.

54 2215 310 2300 pervicacissimi
319 2223 427 2279 tamen
436 2216 626 2279 Latinorum
635 2216 743 2300 Aequi
753 2224 785 2279 et
795 2214 908 2278 Vulsci
919 2213 1010 2277 fuere
1022 2222 1053 2278 et
1066 2231 1095 2280 11

56 2297 221 2378 cotidiani,
232 2306 268 2360 ut
279 2298 326 2360 sic
338 2298 484 2380 dixerim,
495 2298 613 2362 hostes.
637 2298 694 2361 sed
707 2298 766 2362 hos
776 2298 885 2384 praeci
906 2317 948 2361 ue
958 2295 1051 2360 Titus
1064 2311 1096 2361 12

22 2380 230 2462 asQuinctius
242 2380 373 2461 domuit,
389 2381 445 2455 ille
463 2382 600 2447 dictator
616 2381 657 2445 ab
670 2390 785 2463 aratro,
805 2383 859 2468 qui
877 2402 895 2444 o
920 2400 1011 2444 sessa
1017 2389 1053 2444 et

55 2486 160 2551 paene
176 2465 241 2528 iam
254 2474 347 2551 capta
357 2465 472 2531 Manili
488 2466 628 2531 consulis
644 2473 749 2529 castra
765 2466 898 2550 egregia
915 2464 1053 2528 victoria

55 2550 270 2634 recuperavit.
298 2549 439 2618 medium
455 2560 524 2616 erat
538 2560 665 2636 tempus
682 2549 766 2614 forte
788 2549 955 2630 sementis,
979 2569 1052 2612 cum
1067 2565 1097 2617 13

78 2633 227 2696 atricium
237 2637 343 2697 virum
358 2634 508 2699 innixum
523 2643 629 2698 aratro
647 2655 705 2697 suo
717 2634 810 2697 lictor
828 2635 943 2718 inipso
956 2653 1052 2717 opere

55 2655 278 2801 {eprehendit
307 2717 384 2781 inde
401 2719 437 2781 in
448 2720 549 2782 aciem
566 2717 740 2802 profectus,
758 2718 872 2796 victos,
890 2737 931 2780 ne
943 2715 1051 2802 quida

21 2798 172 2864 sorustici
193 2802 297 2898 operis
320 2802 498 2866 imitatione
522 2811 677 2882 cessaret,
702 2823 791 2864 more
835 2801 971 2863 ecudum
993 2798 1052 2861 sub

56 2883 168 2966 iugum
179 2885 274 2947 mrsit.
295 2887 341 2949 sio
353 2907 395 2949 ex
418 2886 557 2950 editione
568 2884 660 2948 finita
671 2885 767 2948 rediit
779 2906 799 2948 a
829 2883 929 2948 boves
941 2903 1051 2944 rursus
1064 2892 1096 2942 14

54 2965 256 3063 triumphalis
275 2909 419 3052 agricold
434 3008 478 3021 --
495 2969 592 3050 fidem
610 2969 776 3031 numinum
791 3005 834 3016 -
857 2987 921 3051 qua
936 2964 1053 3028 veloci-

54 3050 137 3113 tate!
150 3057 235 3114 mtra
267 3053 431 3117 uindecim
443 3053 512 3116 dies
525 3059 671 3136 coeptum
682 3059 909 3137 peractumque
920 3046 1052 3129 bellum,
1067 3064 1098 3115 15

52 3154 187 3219 prorsus
198 3143 235 3197 ut
245 3073 416 3200 lestinasse
428 3136 565 3200 dictator
577 3136 619 3199 ad
630 3136 776 3199 relictum
788 3154 867 3218 opus
879 3130 1054 3196 videretur.

21 3279 49 3322 rs
58 3262 119 3329 VI.
136 3263 320 3331 BELLVM
339 3265 434 3331 CVM
450 3265 666 3332 ETRVSCIS
685 3261 886 3335 FALISCIS
901 3262 1055 3327 VEIEN-

329 3349 459 3414 TIBVS
477 3347 791 3416 FIDENATIBVS.

142 3470 283 3535 Adsidui
293 3491 370 3535 vero
382 3477 413 3534 et
423 3470 639 3535 anniversarii
648 3469 758 3559 hostes
768 3466 811 3533 ah
820 3466 1123 3532 Etrnxiahierexa.
