<?xml version="1.0" encoding="UTF-8"?>
<!DOCTYPE html PUBLIC "-//W3C//DTD XHTML 1.0 Transitional//EN"
    "http://www.w3.org/TR/xhtml1/DTD/xhtml1-transitional.dtd">
<html xmlns="http://www.w3.org/1999/xhtml" xml:lang="en" lang="en">
 <head>
  <title>
</title>
<meta http-equiv="Content-Type" content="text/html;charset=utf-8" />
  <meta name='ocr-system' content='tesseract 3.04.00' />
  <meta name='ocr-capabilities' content='ocr_page ocr_carea ocr_par ocr_line ocrx_word'/>
</head>
<body>
  <div class='ocr_page' id='page_1' title='image "./iulifloriepitom00halmgoog_0049.png"; bbox 0 0 2356 3818; ppageno 0'>
   <div class='ocr_carea' id='block_1_1' title="bbox 119 251 755 353">
    <p class='ocr_par' dir='ltr' id='par_1_1' title="bbox 119 251 755 353">
     <span class='ocr_line' id='line_1_1' title="bbox 119 251 755 353; baseline 0.002 -40"><span class='ocrx_word' id='word_1_1' title='bbox 119 251 159 313; x_wconf 78' lang='lat'>22</span> <span class='ocrx_word' id='word_1_2' title='bbox 473 265 755 353; x_wconf 74' lang='lat' dir='ltr'>snonrnrrrons.</span> 
     </span>
    </p>
   </div>
   <div class='ocr_carea' id='block_1_2' title="bbox 39 397 1134 1433">
    <p class='ocr_par' dir='ltr' id='par_1_2' title="bbox 39 397 1134 1433">
     <span class='ocr_line' id='line_1_2' title="bbox 120 397 1116 565; baseline 0.004 -85"><span class='ocrx_word' id='word_1_3' title='bbox 120 426 182 498; x_wconf 89' lang='lat' dir='ltr'>ret,</span> <span class='ocrx_word' id='word_1_4' title='bbox 195 416 315 481; x_wconf 90' lang='lat' dir='ltr'>oblitus</span> <span class='ocrx_word' id='word_1_5' title='bbox 327 423 359 479; x_wconf 90' lang='lat' dir='ltr'>et</span> <span class='ocrx_word' id='word_1_6' title='bbox 370 417 545 482; x_wconf 89' lang='lat' dir='ltr'>Lucretiae</span> <span class='ocrx_word' id='word_1_7' title='bbox 553 426 584 481; x_wconf 91' lang='lat' dir='ltr'>et</span> <span class='ocrx_word' id='word_1_8' title='bbox 598 397 712 501; x_wconf 86' lang='lat' dir='ltr'>regum</span> <span class='ocrx_word' id='word_1_9' title='bbox 722 426 754 480; x_wconf 92' lang='lat' dir='ltr'>et</span> <span class='ocrx_word' id='word_1_10' title='bbox 768 417 848 481; x_wconf 91' lang='lat' dir='ltr'>iuris</span> <span class='ocrx_word' id='word_1_11' title='bbox 853 416 949 565; x_wconf 56' lang='lat' dir='ltr'>fflmd</span> <span class='ocrx_word' id='word_1_12' title='bbox 959 417 1036 502; x_wconf 91' lang='lat' dir='ltr'>ipse</span> <span class='ocrx_word' id='word_1_13' title='bbox 1049 441 1116 484; x_wconf 91' lang='lat' dir='ltr'>con·</span> 
     </span>
     <span class='ocr_line' id='line_1_3' title="bbox 95 501 1116 587; baseline 0.002 -23"><span class='ocrx_word' id='word_1_14' title='bbox 95 504 280 586; x_wconf 77' lang='lat' dir='ltr'>3&#39;posuerat.</span> <span class='ocrx_word' id='word_1_15' title='bbox 303 501 411 587; x_wconf 87' lang='lat' dir='ltr'>itaque</span> <span class='ocrx_word' id='word_1_16' title='bbox 429 523 501 565; x_wconf 91' lang='lat' dir='ltr'>cum</span> <span class='ocrx_word' id='word_1_17' title='bbox 512 521 699 587; x_wconf 89' lang='lat' dir='ltr'>oppressam</span> <span class='ocrx_word' id='word_1_18' title='bbox 714 501 834 565; x_wconf 93' lang='lat' dir='ltr'>iudicio</span> <span class='ocrx_word' id='word_1_19' title='bbox 891 503 955 573; x_wconf 86' lang='lat' dir='ltr'>’am</span> <span class='ocrx_word' id='word_1_20' title='bbox 974 502 1067 566; x_wconf 88' lang='lat' dir='ltr'>trahi</span> <span class='ocrx_word' id='word_1_21' title='bbox 1088 505 1116 569; x_wconf 90' lang='lat' dir='ltr'>in</span> 
     </span>
     <span class='ocr_line' id='line_1_4' title="bbox 121 584 1116 668; baseline 0.001 -19"><span class='ocrx_word' id='word_1_22' title='bbox 121 585 308 656; x_wconf 86' lang='lat' dir='ltr'>servitutem</span> <span class='ocrx_word' id='word_1_23' title='bbox 329 586 454 649; x_wconf 87' lang='lat' dir='ltr'>videret</span> <span class='ocrx_word' id='word_1_24' title='bbox 470 584 638 668; x_wconf 83' lang='lat' dir='ltr'>Virginius</span> <span class='ocrx_word' id='word_1_25' title='bbox 666 592 773 668; x_wconf 89' lang='lat' dir='ltr'>pater,</span> <span class='ocrx_word' id='word_1_26' title='bbox 796 584 878 649; x_wconf 91' lang='lat' dir='ltr'>nihil</span> <span class='ocrx_word' id='word_1_27' title='bbox 893 588 1116 650; x_wconf 85' lang='lat' dir='ltr'>cunctatusin</span> 
     </span>
     <span class='ocr_line' id='line_1_5' title="bbox 65 667 1115 754; baseline 0.003 -22"><span class='ocrx_word' id='word_1_28' title='bbox 65 732 68 739; x_wconf 83' lang='grc'><em>,</em></span> <span class='ocrx_word' id='word_1_29' title='bbox 118 668 225 748; x_wconf 89' lang='lat' dir='ltr'>medio</span> <span class='ocrx_word' id='word_1_30' title='bbox 231 667 301 733; x_wconf 83' lang='lat' dir='ltr'>foro</span> <span class='ocrx_word' id='word_1_31' title='bbox 310 690 407 734; x_wconf 90' lang='lat' dir='ltr'>manu</span> <span class='ocrx_word' id='word_1_32' title='bbox 414 689 472 730; x_wconf 87' lang='lat' dir='ltr'>sua</span> <span class='ocrx_word' id='word_1_33' title='bbox 478 667 649 749; x_wconf 86' lang='lat' dir='ltr'>interfecit,</span> <span class='ocrx_word' id='word_1_34' title='bbox 661 667 863 754; x_wconf 81' lang='lat' dir='ltr'>admotisque</span> <span class='ocrx_word' id='word_1_35' title='bbox 875 669 1115 752; x_wconf 86' lang='lat' dir='ltr'>signiscommi·</span> 
     </span>
     <span class='ocr_line' id='line_1_6' title="bbox 118 749 1132 819; baseline -0.005 -3"><span class='ocrx_word' id='word_1_36' title='bbox 118 751 255 819; x_wconf 91' lang='lat' dir='ltr'>litonum</span> <span class='ocrx_word' id='word_1_37' title='bbox 264 761 446 816; x_wconf 86' lang='lat' dir='ltr'>totameam</span> <span class='ocrx_word' id='word_1_38' title='bbox 456 749 706 814; x_wconf 91' lang='lat' dir='ltr'>dominationem</span> <span class='ocrx_word' id='word_1_39' title='bbox 713 750 879 816; x_wconf 89' lang='lat' dir='ltr'>obsessam</span> <span class='ocrx_word' id='word_1_40' title='bbox 889 752 987 816; x_wconf 85' lang='lat' dir='ltr'>armis</span> <span class='ocrx_word' id='word_1_41' title='bbox 1000 753 1039 816; x_wconf 87' lang='lat' dir='ltr'>in</span> <span class='ocrx_word' id='word_1_42' title='bbox 1050 773 1132 817; x_wconf 77' lang='lat' dir='ltr'>car-s</span> 
     </span>
     <span class='ocr_line' id='line_1_7' title="bbox 61 831 919 901; baseline -0.001 -2"><span class='ocrx_word' id='word_1_43' title='bbox 61 840 69 858; x_wconf 84' lang='lat'><strong><em>‘</em></strong></span> <span class='ocrx_word' id='word_1_44' title='bbox 119 856 225 901; x_wconf 91' lang='lat' dir='ltr'>cerem</span> <span class='ocrx_word' id='word_1_45' title='bbox 236 844 268 900; x_wconf 88' lang='lat' dir='ltr'>et</span> <span class='ocrx_word' id='word_1_46' title='bbox 278 844 407 899; x_wconf 88' lang='lat' dir='ltr'>catenas</span> <span class='ocrx_word' id='word_1_47' title='bbox 422 831 464 896; x_wconf 91' lang='lat' dir='ltr'>ab</span> <span class='ocrx_word' id='word_1_48' title='bbox 475 833 638 899; x_wconf 85' lang='lat' dir='ltr'>Aventino</span> <span class='ocrx_word' id='word_1_49' title='bbox 649 843 757 898; x_wconf 90' lang='lat' dir='ltr'>monte</span> <span class='ocrx_word' id='word_1_50' title='bbox 770 834 919 899; x_wconf 78' lang='lat' dir='ltr'>detraxit.</span> 
     </span>
     <span class='ocr_line' id='line_1_8' title="bbox 66 916 1115 1004; baseline 0 -21"><span class='ocrx_word' id='word_1_51' title='bbox 66 930 108 995; x_wconf 77' lang='lat'>25</span> <span class='ocrx_word' id='word_1_52' title='bbox 203 919 344 983; x_wconf 80' lang='lat' dir='ltr'>Tertiam</span> <span class='ocrx_word' id='word_1_53' title='bbox 356 916 546 981; x_wconf 80' lang='lat' dir='ltr'>seditionem</span> <span class='ocrx_word' id='word_1_54' title='bbox 558 919 713 982; x_wconf 84' lang='lat' dir='ltr'>excitavit</span> <span class='ocrx_word' id='word_1_55' title='bbox 722 918 1001 989; x_wconf 82' lang='lat' dir='ltr'>matrimoniorum</span> <span class='ocrx_word' id='word_1_56' title='bbox 1013 919 1115 1004; x_wconf 87' lang='lat' dir='ltr'>digni·</span> 
     </span>
     <span class='ocr_line' id='line_1_9' title="bbox 118 999 1115 1147; baseline 0 -80"><span class='ocrx_word' id='word_1_57' title='bbox 118 1013 169 1068; x_wconf 88' lang='lat' dir='ltr'>tas</span> <span class='ocrx_word' id='word_1_58' title='bbox 176 1052 184 1084; x_wconf 93' lang='lat'>,</span> <span class='ocrx_word' id='word_1_59' title='bbox 196 1011 232 1067; x_wconf 93' lang='lat' dir='ltr'>ut</span> <span class='ocrx_word' id='word_1_60' title='bbox 245 999 353 1147; x_wconf 79' lang='lat' dir='ltr'>plebei</span> <span class='ocrx_word' id='word_1_61' title='bbox 365 1021 438 1062; x_wconf 90' lang='lat' dir='ltr'>cum</span> <span class='ocrx_word' id='word_1_62' title='bbox 448 1002 593 1085; x_wconf 87' lang='lat' dir='ltr'>patriciis</span> <span class='ocrx_word' id='word_1_63' title='bbox 605 1004 832 1085; x_wconf 84' lang='lat' dir='ltr'>iungerentur;</span> <span class='ocrx_word' id='word_1_64' title='bbox 847 1004 902 1088; x_wconf 91' lang='lat' dir='ltr'>qui</span> <span class='ocrx_word' id='word_1_65' title='bbox 912 1001 1075 1067; x_wconf 89' lang='lat' dir='ltr'>tumultus</span> <span class='ocrx_word' id='word_1_66' title='bbox 1086 1006 1115 1067; x_wconf 92' lang='lat' dir='ltr'>in</span> 
     </span>
     <span class='ocr_line' id='line_1_10' title="bbox 118 1082 1113 1170; baseline -0.003 -19"><span class='ocrx_word' id='word_1_67' title='bbox 118 1095 226 1151; x_wconf 90' lang='lat' dir='ltr'>monte</span> <span class='ocrx_word' id='word_1_68' title='bbox 264 1082 390 1146; x_wconf 86' lang='lat' dir='ltr'>anicula</span> <span class='ocrx_word' id='word_1_69' title='bbox 411 1084 494 1148; x_wconf 91' lang='lat' dir='ltr'>duce</span> <span class='ocrx_word' id='word_1_70' title='bbox 516 1085 672 1150; x_wconf 77' lang='lat' dir='ltr'>Canuleio</span> <span class='ocrx_word' id='word_1_71' title='bbox 691 1085 953 1170; x_wconf 84' lang='lat' dir='ltr'>tribunoplebis</span> <span class='ocrx_word' id='word_1_72' title='bbox 980 1088 1113 1150; x_wconf 86' lang='lat' dir='ltr'>exarsit.</span> 
     </span>
     <span class='ocr_line' id='line_1_11' title="bbox 66 1165 1134 1258; baseline -0.006 -27"><span class='ocrx_word' id='word_1_73' title='bbox 66 1179 108 1240; x_wconf 74' lang='lat'>26</span> <span class='ocrx_word' id='word_1_74' title='bbox 120 1165 434 1254; x_wconf 85' lang='lat' dir='ltr'>quartamhonorum</span> <span class='ocrx_word' id='word_1_75' title='bbox 446 1167 579 1253; x_wconf 86' lang='lat' dir='ltr'>cupido,</span> <span class='ocrx_word' id='word_1_76' title='bbox 600 1177 636 1232; x_wconf 93' lang='lat' dir='ltr'>ut</span> <span class='ocrx_word' id='word_1_77' title='bbox 646 1167 755 1254; x_wconf 91' lang='lat' dir='ltr'>plebei</span> <span class='ocrx_word' id='word_1_78' title='bbox 766 1190 892 1255; x_wconf 91' lang='lat' dir='ltr'>quoque</span> <span class='ocrx_word' id='word_1_79' title='bbox 903 1169 1112 1258; x_wconf 82' lang='lat' dir='ltr'>magistratus</span> <span class='ocrx_word' id='word_1_80' title='bbox 1120 1185 1134 1226; x_wconf 82' lang='lat' dir='ltr'>a</span> 
     </span>
     <span class='ocr_line' id='line_1_12' title="bbox 93 1250 1114 1337; baseline 0.005 -25"><span class='ocrx_word' id='word_1_81' title='bbox 93 1258 312 1316; x_wconf 66' lang='lat' dir='ltr'>acrearentur.</span> <span class='ocrx_word' id='word_1_82' title='bbox 348 1250 470 1314; x_wconf 85' lang='lat' dir='ltr'>Fabius</span> <span class='ocrx_word' id='word_1_83' title='bbox 490 1252 670 1317; x_wconf 84' lang='lat' dir='ltr'>Ambustus</span> <span class='ocrx_word' id='word_1_84' title='bbox 700 1252 837 1316; x_wconf 90' lang='lat' dir='ltr'>duarum</span> <span class='ocrx_word' id='word_1_85' title='bbox 860 1260 952 1337; x_wconf 84' lang='lat' dir='ltr'>pater</span> <span class='ocrx_word' id='word_1_86' title='bbox 979 1251 1114 1316; x_wconf 88' lang='lat' dir='ltr'>alteram</span> 
     </span>
     <span class='ocr_line' id='line_1_13' title="bbox 39 1332 1113 1433; baseline 0.003 -35"><span class='ocrx_word' id='word_1_87' title='bbox 39 1332 42 1336; x_wconf 64' lang='grc'>’</span> <span class='ocrx_word' id='word_1_88' title='bbox 119 1332 177 1398; x_wconf 84' lang='lat' dir='ltr'>Sul</span> <span class='ocrx_word' id='word_1_89' title='bbox 200 1334 262 1397; x_wconf 88' lang='lat' dir='ltr'>icio</span> <span class='ocrx_word' id='word_1_90' title='bbox 280 1334 413 1433; x_wconf 78' lang='lat' dir='ltr'>patricii</span> <span class='ocrx_word' id='word_1_91' title='bbox 435 1336 602 1418; x_wconf 86' lang='lat' dir='ltr'>sanguinis</span> <span class='ocrx_word' id='word_1_92' title='bbox 631 1335 779 1416; x_wconf 86' lang='lat' dir='ltr'>dederat,</span> <span class='ocrx_word' id='word_1_93' title='bbox 808 1335 942 1399; x_wconf 89' lang='lat' dir='ltr'>alteram</span> <span class='ocrx_word' id='word_1_94' title='bbox 989 1334 1113 1401; x_wconf 89' lang='lat' dir='ltr'>lebeius</span> 
     </span>
    </p>
   </div>
   <div class='ocr_carea' id='block_1_3' title="bbox 92 1356 1134 1897">
    <p class='ocr_par' dir='ltr' id='par_1_3' title="bbox 92 1356 1114 1506">
     <span class='ocr_line' id='line_1_14' title="bbox 92 1356 1114 1506; baseline 0 -22"><span class='ocrx_word' id='word_1_95' title='bbox 92 1356 208 1484; x_wconf 72' lang='lat' dir='ltr'>astolb</span> <span class='ocrx_word' id='word_1_96' title='bbox 227 1416 421 1487; x_wconf 80' lang='lat' dir='ltr'>sib11unx1t.</span> <span class='ocrx_word' id='word_1_97' title='bbox 457 1440 521 1505; x_wconf 88' lang='lat' dir='ltr'>qua</span> <span class='ocrx_word' id='word_1_98' title='bbox 538 1419 678 1506; x_wconf 88' lang='lat' dir='ltr'>quodam</span> <span class='ocrx_word' id='word_1_99' title='bbox 691 1428 850 1505; x_wconf 90' lang='lat' dir='ltr'>tempore,</span> <span class='ocrx_word' id='word_1_100' title='bbox 870 1419 955 1504; x_wconf 91' lang='lat' dir='ltr'>quod</span> <span class='ocrx_word' id='word_1_101' title='bbox 965 1357 1114 1484; x_wconf 79' lang='lat' dir='ltr'>lictoriae</span> 
     </span>
    </p>

    <p class='ocr_par' dir='ltr' id='par_1_4' title="bbox 92 1501 1134 1897">
     <span class='ocr_line' id='line_1_15' title="bbox 117 1501 1113 1588; baseline 0.002 -22"><span class='ocrx_word' id='word_1_102' title='bbox 117 1501 230 1586; x_wconf 89' lang='lat' dir='ltr'>virgae</span> <span class='ocrx_word' id='word_1_103' title='bbox 249 1522 363 1566; x_wconf 92' lang='lat' dir='ltr'>sonum</span> <span class='ocrx_word' id='word_1_104' title='bbox 378 1502 524 1588; x_wconf 86' lang='lat' dir='ltr'>ignotum</span> <span class='ocrx_word' id='word_1_105' title='bbox 537 1503 709 1588; x_wconf 88' lang='lat' dir='ltr'>penatibus</span> <span class='ocrx_word' id='word_1_106' title='bbox 728 1505 794 1567; x_wconf 86' lang='lat' dir='ltr'>suis</span> <span class='ocrx_word' id='word_1_107' title='bbox 817 1510 1010 1588; x_wconf 86' lang='lat' dir='ltr'>expaverat,</span> <span class='ocrx_word' id='word_1_108' title='bbox 1035 1525 1056 1566; x_wconf 90' lang='lat' dir='ltr'>a</span> <span class='ocrx_word' id='word_1_109' title='bbox 1067 1525 1113 1568; x_wconf 83' lang='lat' dir='ltr'>so·</span> 
     </span>
     <span class='ocr_line' id='line_1_16' title="bbox 92 1585 1134 1673; baseline -0.005 -21"><span class='ocrx_word' id='word_1_110' title='bbox 92 1603 190 1652; x_wconf 86' lang='lat' dir='ltr'>4rore</span> <span class='ocrx_word' id='word_1_111' title='bbox 205 1586 288 1655; x_wconf 62' lang='lat' dir='ltr'>,satis</span> <span class='ocrx_word' id='word_1_112' title='bbox 304 1585 480 1651; x_wconf 86' lang='lat' dir='ltr'>insolenter</span> <span class='ocrx_word' id='word_1_113' title='bbox 495 1588 611 1669; x_wconf 89' lang='lat' dir='ltr'>inrisa,</span> <span class='ocrx_word' id='word_1_114' title='bbox 636 1588 787 1650; x_wconf 89' lang='lat' dir='ltr'>iniuriam</span> <span class='ocrx_word' id='word_1_115' title='bbox 804 1607 869 1650; x_wconf 93' lang='lat' dir='ltr'>non</span> <span class='ocrx_word' id='word_1_116' title='bbox 886 1585 974 1649; x_wconf 50' lang='lat' dir='ltr'>tulit*</span> <span class='ocrx_word' id='word_1_117' title='bbox 1005 1588 1134 1673; x_wconf 83' lang='lat' dir='ltr'>itaques</span> 
     </span>
     <span class='ocr_line' id='line_1_17' title="bbox 103 1668 1113 1753; baseline 0.001 -20"><span class='ocrx_word' id='word_1_118' title='bbox 103 1680 255 1733; x_wconf 89' lang='lat' dir='ltr'>nanctus</span> <span class='ocrx_word' id='word_1_119' title='bbox 277 1670 476 1734; x_wconf 91' lang='lat' dir='ltr'>tribunatum</span> <span class='ocrx_word' id='word_1_120' title='bbox 497 1668 655 1734; x_wconf 90' lang='lat' dir='ltr'>honorum</span> <span class='ocrx_word' id='word_1_121' title='bbox 673 1679 705 1733; x_wconf 93' lang='lat' dir='ltr'>et</span> <span class='ocrx_word' id='word_1_122' title='bbox 720 1671 967 1753; x_wconf 83' lang='lat' dir='ltr'>magistratuum</span> <span class='ocrx_word' id='word_1_123' title='bbox 984 1691 1113 1735; x_wconf 86' lang='lat' dir='ltr'>consor·</span> 
     </span>
     <span class='ocr_line' id='line_1_18' title="bbox 117 1754 772 1897; baseline -0.003 -81"><span class='ocrx_word' id='word_1_124' title='bbox 117 1754 200 1816; x_wconf 89' lang='lat' dir='ltr'>tium</span> <span class='ocrx_word' id='word_1_125' title='bbox 203 1754 361 1897; x_wconf 58' lang='lat' dir='ltr'>{dumis</span> <span class='ocrx_word' id='word_1_126' title='bbox 372 1754 473 1816; x_wconf 92' lang='lat' dir='ltr'>invito</span> <span class='ocrx_word' id='word_1_127' title='bbox 485 1754 611 1816; x_wconf 88' lang='lat' dir='ltr'>senatui</span> <span class='ocrx_word' id='word_1_128' title='bbox 627 1755 772 1827; x_wconf 62' lang='lat' dir='ltr'>extorsit.</span> 
     </span>
    </p>
   </div>
   <div class='ocr_carea' id='block_1_4' title="bbox 1 1834 1135 3420">
    <p class='ocr_par' dir='ltr' id='par_1_5' title="bbox 1 1834 1135 3420">
     <span class='ocr_line' id='line_1_19' title="bbox 235 1834 1113 1920; baseline 0.003 -24"><span class='ocrx_word' id='word_1_129' title='bbox 235 1855 325 1897; x_wconf 92' lang='lat' dir='ltr'>erum</span> <span class='ocrx_word' id='word_1_130' title='bbox 335 1835 369 1896; x_wconf 90' lang='lat' dir='ltr'>in</span> <span class='ocrx_word' id='word_1_131' title='bbox 382 1835 463 1918; x_wconf 90' lang='lat' dir='ltr'>ipsis</span> <span class='ocrx_word' id='word_1_132' title='bbox 471 1834 682 1897; x_wconf 88' lang='lat' dir='ltr'>seditionibus</span> <span class='ocrx_word' id='word_1_133' title='bbox 694 1836 872 1918; x_wconf 90' lang='lat' dir='ltr'>principem</span> <span class='ocrx_word' id='word_1_134' title='bbox 882 1835 1042 1920; x_wconf 88' lang='lat' dir='ltr'>populum</span> <span class='ocrx_word' id='word_1_135' title='bbox 1052 1840 1113 1902; x_wconf 78' lang='lat' dir='ltr'>hon</span> 
     </span>
     <span class='ocr_line' id='line_1_20' title="bbox 117 1916 1114 2002; baseline 0.002 -21"><span class='ocrx_word' id='word_1_136' title='bbox 117 1916 266 1981; x_wconf 89' lang='lat' dir='ltr'>inmerito</span> <span class='ocrx_word' id='word_1_137' title='bbox 289 1917 485 2000; x_wconf 85' lang='lat' dir='ltr'>suspexeris.</span> <span class='ocrx_word' id='word_1_138' title='bbox 523 1917 552 1978; x_wconf 89' lang='lat' dir='ltr'>si</span> <span class='ocrx_word' id='word_1_139' title='bbox 568 1917 699 2002; x_wconf 92' lang='lat' dir='ltr'>quidem</span> <span class='ocrx_word' id='word_1_140' title='bbox 715 1938 801 1979; x_wconf 92' lang='lat' dir='ltr'>nunc</span> <span class='ocrx_word' id='word_1_141' title='bbox 815 1916 998 1980; x_wconf 90' lang='lat' dir='ltr'>libertatem</span> <span class='ocrx_word' id='word_1_142' title='bbox 1006 1968 1015 1999; x_wconf 94' lang='lat'>,</span> <span class='ocrx_word' id='word_1_143' title='bbox 1031 1941 1114 1986; x_wconf 85' lang='lat' dir='ltr'>nunc</span> 
     </span>
     <span class='ocr_line' id='line_1_21' title="bbox 118 1999 1135 2098; baseline 0.003 -35"><span class='ocrx_word' id='word_1_144' title='bbox 118 1999 320 2086; x_wconf 81' lang='lat' dir='ltr'>pudicitiam,</span> <span class='ocrx_word' id='word_1_145' title='bbox 332 2007 400 2062; x_wconf 91' lang='lat' dir='ltr'>tum</span> <span class='ocrx_word' id='word_1_146' title='bbox 411 1999 566 2063; x_wconf 89' lang='lat' dir='ltr'>natalium</span> <span class='ocrx_word' id='word_1_147' title='bbox 581 1999 785 2098; x_wconf 80' lang='lat' dir='ltr'>dignitatem,</span> <span class='ocrx_word' id='word_1_148' title='bbox 802 2009 872 2063; x_wconf 89' lang='lat' dir='ltr'>turn</span> <span class='ocrx_word' id='word_1_149' title='bbox 887 1999 1050 2066; x_wconf 89' lang='lat' dir='ltr'>honorum</span> <span class='ocrx_word' id='word_1_150' title='bbox 1063 2005 1135 2070; x_wconf 84' lang='lat' dir='ltr'>dea</span> 
     </span>
     <span class='ocr_line' id='line_1_22' title="bbox 118 2082 1114 2169; baseline 0.005 -21"><span class='ocrx_word' id='word_1_151' title='bbox 118 2103 194 2147; x_wconf 89' lang='lat' dir='ltr'>cora</span> <span class='ocrx_word' id='word_1_152' title='bbox 207 2089 239 2145; x_wconf 88' lang='lat' dir='ltr'>et</span> <span class='ocrx_word' id='word_1_153' title='bbox 256 2082 398 2166; x_wconf 87' lang='lat' dir='ltr'>insignia</span> <span class='ocrx_word' id='word_1_154' title='bbox 408 2083 601 2165; x_wconf 82' lang='lat' dir='ltr'>vindicavit,</span> <span class='ocrx_word' id='word_1_155' title='bbox 622 2093 769 2169; x_wconf 91' lang='lat' dir='ltr'>mterque</span> <span class='ocrx_word' id='word_1_156' title='bbox 784 2082 864 2146; x_wconf 90' lang='lat' dir='ltr'>haec</span> <span class='ocrx_word' id='word_1_157' title='bbox 876 2084 982 2146; x_wconf 89' lang='lat' dir='ltr'>omnia</span> <span class='ocrx_word' id='word_1_158' title='bbox 992 2089 1114 2152; x_wconf 83' lang='lat' dir='ltr'>nullius</span> 
     </span>
     <span class='ocr_line' id='line_1_23' title="bbox 89 2166 1115 2266; baseline 0.008 -37"><span class='ocrx_word' id='word_1_159' title='bbox 89 2166 225 2232; x_wconf 77' lang='lat' dir='ltr'>oacrior</span> <span class='ocrx_word' id='word_1_160' title='bbox 242 2174 350 2230; x_wconf 89' lang='lat' dir='ltr'>custos</span> <span class='ocrx_word' id='word_1_161' title='bbox 368 2189 465 2252; x_wconf 88' lang='lat' dir='ltr'>quam</span> <span class='ocrx_word' id='word_1_162' title='bbox 480 2167 638 2232; x_wconf 88' lang='lat' dir='ltr'>libertatis</span> <span class='ocrx_word' id='word_1_163' title='bbox 656 2168 734 2249; x_wconf 88' lang='lat' dir='ltr'>fuit,</span> <span class='ocrx_word' id='word_1_164' title='bbox 752 2166 905 2266; x_wconf 80' lang='lat' dir='ltr'>nullaque</span> <span class='ocrx_word' id='word_1_165' title='bbox 922 2168 957 2230; x_wconf 90' lang='lat' dir='ltr'>in</span> <span class='ocrx_word' id='word_1_166' title='bbox 974 2173 1115 2252; x_wconf 88' lang='lat' dir='ltr'>pretium</span> 
     </span>
     <span class='ocr_line' id='line_1_24' title="bbox 119 2245 1116 2337; baseline 0.004 -22"><span class='ocrx_word' id='word_1_167' title='bbox 119 2252 189 2315; x_wconf 89' lang='lat' dir='ltr'>eius</span> <span class='ocrx_word' id='word_1_168' title='bbox 206 2251 312 2336; x_wconf 85' lang='lat' dir='ltr'>potuit</span> <span class='ocrx_word' id='word_1_169' title='bbox 328 2245 500 2336; x_wconf 78' lang='lat' dir='ltr'>largitione</span> <span class='ocrx_word' id='word_1_170' title='bbox 517 2254 693 2337; x_wconf 81' lang='lat' dir='ltr'>eorrumpi,</span> <span class='ocrx_word' id='word_1_171' title='bbox 712 2275 785 2315; x_wconf 90' lang='lat' dir='ltr'>cum</span> <span class='ocrx_word' id='word_1_172' title='bbox 801 2259 837 2315; x_wconf 90' lang='lat' dir='ltr'>ut</span> <span class='ocrx_word' id='word_1_173' title='bbox 854 2273 890 2315; x_wconf 92' lang='lat' dir='ltr'>m</span> <span class='ocrx_word' id='word_1_174' title='bbox 904 2271 1023 2334; x_wconf 89' lang='lat' dir='ltr'>magno</span> <span class='ocrx_word' id='word_1_175' title='bbox 1040 2255 1116 2318; x_wconf 89' lang='lat' dir='ltr'>etin</span> 
     </span>
     <span class='ocr_line' id='line_1_25' title="bbox 120 2335 1114 2421; baseline 0 -22"><span class='ocrx_word' id='word_1_176' title='bbox 120 2335 190 2399; x_wconf 88' lang='lat' dir='ltr'>dies</span> <span class='ocrx_word' id='word_1_177' title='bbox 208 2337 329 2406; x_wconf 87' lang='lat' dir='ltr'>maiore</span> <span class='ocrx_word' id='word_1_178' title='bbox 345 2335 464 2421; x_wconf 91' lang='lat' dir='ltr'>populo</span> <span class='ocrx_word' id='word_1_179' title='bbox 480 2336 610 2400; x_wconf 91' lang='lat' dir='ltr'>interim</span> <span class='ocrx_word' id='word_1_180' title='bbox 626 2337 800 2421; x_wconf 79' lang='lat' dir='ltr'>perniciosi</span> <span class='ocrx_word' id='word_1_181' title='bbox 817 2337 905 2399; x_wconf 89' lang='lat' dir='ltr'>cives</span> <span class='ocrx_word' id='word_1_182' title='bbox 925 2335 1114 2402; x_wconf 87' lang='lat' dir='ltr'>existerent.</span> 
     </span>
     <span class='ocr_line' id='line_1_26' title="bbox 94 2417 1135 2504; baseline 0.002 -22"><span class='ocrx_word' id='word_1_183' title='bbox 94 2417 271 2482; x_wconf 66' lang='lat' dir='ltr'>&#39;toassium</span> <span class='ocrx_word' id='word_1_184' title='bbox 280 2420 408 2501; x_wconf 88' lang='lat' dir='ltr'>agraria</span> <span class='ocrx_word' id='word_1_185' title='bbox 417 2418 504 2504; x_wconf 88' lang='lat' dir='ltr'>lege,</span> <span class='ocrx_word' id='word_1_186' title='bbox 521 2419 676 2482; x_wconf 90' lang='lat' dir='ltr'>Maelium</span> <span class='ocrx_word' id='word_1_187' title='bbox 686 2419 857 2502; x_wconf 87' lang='lat' dir='ltr'>largitione</span> <span class='ocrx_word' id='word_1_188' title='bbox 870 2420 1056 2503; x_wconf 78' lang='lat' dir='ltr'>suspectum</span> <span class='ocrx_word' id='word_1_189' title='bbox 1067 2442 1135 2484; x_wconf 77' lang='lat' dir='ltr'>res</span> 
     </span>
     <span class='ocr_line' id='line_1_27' title="bbox 1 2499 1116 2588; baseline 0.004 -26"><span class='ocrx_word' id='word_1_190' title='bbox 1 2577 4 2582; x_wconf 20' lang='grc' dir='ltr'><strong><em>Ι</em></strong></span> <span class='ocrx_word' id='word_1_191' title='bbox 93 2561 94 2566; x_wconf 71' lang='grc'>,</span> <span class='ocrx_word' id='word_1_192' title='bbox 118 2501 193 2584; x_wconf 84' lang='lat' dir='ltr'>giae</span> <span class='ocrx_word' id='word_1_193' title='bbox 209 2499 435 2563; x_wconf 85' lang='lat' dir='ltr'>dominationis</span> <span class='ocrx_word' id='word_1_194' title='bbox 452 2504 615 2585; x_wconf 85' lang='lat' dir='ltr'>praesenti</span> <span class='ocrx_word' id='word_1_195' title='bbox 626 2511 727 2565; x_wconf 88' lang='lat' dir='ltr'>morte</span> <span class='ocrx_word' id='word_1_196' title='bbox 745 2500 903 2564; x_wconf 90' lang='lat' dir='ltr'>multavit.</span> <span class='ocrx_word' id='word_1_197' title='bbox 927 2523 965 2563; x_wconf 86' lang='lat' dir='ltr'>ae</span> <span class='ocrx_word' id='word_1_198' title='bbox 982 2501 1023 2564; x_wconf 93' lang='lat' dir='ltr'>de</span> <span class='ocrx_word' id='word_1_199' title='bbox 1036 2502 1116 2588; x_wconf 88' lang='lat' dir='ltr'>Spu·</span> 
     </span>
     <span class='ocr_line' id='line_1_28' title="bbox 38 2581 1116 2683; baseline 0.005 -37"><span class='ocrx_word' id='word_1_200' title='bbox 38 2585 45 2599; x_wconf 85' lang='lat'>&#39;</span> <span class='ocrx_word' id='word_1_201' title='bbox 118 2582 167 2646; x_wconf 91' lang='lat' dir='ltr'>rio</span> <span class='ocrx_word' id='word_1_202' title='bbox 179 2583 309 2667; x_wconf 90' lang='lat' dir='ltr'>quidem</span> <span class='ocrx_word' id='word_1_203' title='bbox 320 2581 513 2680; x_wconf 84' lang='lat' dir='ltr'>supplicium</span> <span class='ocrx_word' id='word_1_204' title='bbox 523 2593 616 2683; x_wconf 87' lang='lat' dir='ltr'>pater</span> <span class='ocrx_word' id='word_1_205' title='bbox 631 2585 643 2646; x_wconf 92' lang='lat' dir='ltr'>i</span> <span class='ocrx_word' id='word_1_206' title='bbox 668 2586 734 2648; x_wconf 89' lang='lat' dir='ltr'>sius</span> <span class='ocrx_word' id='word_1_207' title='bbox 747 2586 897 2669; x_wconf 87' lang='lat' dir='ltr'>sumpsit,</span> <span class='ocrx_word' id='word_1_208' title='bbox 916 2584 1002 2647; x_wconf 84' lang='lat' dir='ltr'>hune</span> <span class='ocrx_word' id='word_1_209' title='bbox 1015 2584 1116 2665; x_wconf 72' lang='lat' dir='ltr'>Quin-</span> 
     </span>
     <span class='ocr_line' id='line_1_29' title="bbox 120 2663 1116 2766; baseline 0.004 -37"><span class='ocrx_word' id='word_1_210' title='bbox 120 2665 177 2729; x_wconf 87' lang='lat' dir='ltr'>ctii</span> <span class='ocrx_word' id='word_1_211' title='bbox 194 2664 360 2729; x_wconf 88' lang='lat' dir='ltr'>dictatoris</span> <span class='ocrx_word' id='word_1_212' title='bbox 377 2668 512 2750; x_wconf 78' lang='lat' dir='ltr'>imperio</span> <span class='ocrx_word' id='word_1_213' title='bbox 530 2689 565 2730; x_wconf 92' lang='lat' dir='ltr'>m</span> <span class='ocrx_word' id='word_1_214' title='bbox 581 2690 632 2731; x_wconf 91' lang='lat' dir='ltr'>me</span> <span class='ocrx_word' id='word_1_215' title='bbox 658 2669 687 2733; x_wconf 87' lang='lat' dir='ltr'>’o</span> <span class='ocrx_word' id='word_1_216' title='bbox 710 2668 781 2731; x_wconf 87' lang='lat' dir='ltr'>foro</span> <span class='ocrx_word' id='word_1_217' title='bbox 799 2669 954 2751; x_wconf 88' lang='lat' dir='ltr'>magister</span> <span class='ocrx_word' id='word_1_218' title='bbox 971 2663 1116 2766; x_wconf 80' lang='lat' dir='ltr'>equitum</span> 
     </span>
     <span class='ocr_line' id='line_1_30' title="bbox 94 2747 1116 2836; baseline 0.001 -21"><span class='ocrx_word' id='word_1_219' title='bbox 94 2747 279 2815; x_wconf 83' lang='lat' dir='ltr'>8Servilius</span> <span class='ocrx_word' id='word_1_220' title='bbox 298 2747 404 2812; x_wconf 89' lang='lat' dir='ltr'>Ahala</span> <span class='ocrx_word' id='word_1_221' title='bbox 421 2750 574 2815; x_wconf 89' lang='lat' dir='ltr'>confodit.</span> <span class='ocrx_word' id='word_1_222' title='bbox 606 2750 764 2836; x_wconf 80' lang='lat' dir='ltr'>Manlium</span> <span class='ocrx_word' id='word_1_223' title='bbox 780 2772 858 2814; x_wconf 89' lang='lat' dir='ltr'>vero</span> <span class='ocrx_word' id='word_1_224' title='bbox 872 2750 1025 2836; x_wconf 77' lang='lat' dir='ltr'>Capitclri</span> <span class='ocrx_word' id='word_1_225' title='bbox 1046 2754 1116 2816; x_wconf 86' lang='lat' dir='ltr'>vin·</span> 
     </span>
     <span class='ocr_line' id='line_1_31' title="bbox 120 2831 1135 2921; baseline -0.001 -24"><span class='ocrx_word' id='word_1_226' title='bbox 120 2832 238 2912; x_wconf 88' lang='lat' dir='ltr'>dicem,</span> <span class='ocrx_word' id='word_1_227' title='bbox 266 2833 342 2917; x_wconf 88' lang='lat' dir='ltr'>quia</span> <span class='ocrx_word' id='word_1_228' title='bbox 356 2831 528 2921; x_wconf 88' lang='lat' dir='ltr'>plerosque</span> <span class='ocrx_word' id='word_1_229' title='bbox 551 2834 732 2899; x_wconf 87' lang='lat' dir='ltr'>debitorum</span> <span class='ocrx_word' id='word_1_230' title='bbox 753 2833 949 2898; x_wconf 89' lang='lat' dir='ltr'>liberaverat</span> <span class='ocrx_word' id='word_1_231' title='bbox 965 2832 1064 2898; x_wconf 89' lang='lat' dir='ltr'>altius</span> <span class='ocrx_word' id='word_1_232' title='bbox 1084 2844 1135 2900; x_wconf 79' lang='lat' dir='ltr'>ets</span> 
     </span>
     <span class='ocr_line' id='line_1_32' title="bbox 119 2915 1117 3064; baseline 0.002 -83"><span class='ocrx_word' id='word_1_233' title='bbox 119 2915 283 3064; x_wconf 59' lang='lat' dir='ltr'>incivdlius</span> <span class='ocrx_word' id='word_1_234' title='bbox 306 2937 341 2978; x_wconf 91' lang='lat' dir='ltr'>se</span> <span class='ocrx_word' id='word_1_235' title='bbox 362 2915 561 2998; x_wconf 87' lang='lat' dir='ltr'>efferentem,</span> <span class='ocrx_word' id='word_1_236' title='bbox 584 2917 625 2986; x_wconf 93' lang='lat' dir='ltr'>ab</span> <span class='ocrx_word' id='word_1_237' title='bbox 643 2918 701 2982; x_wconf 91' lang='lat' dir='ltr'>illa</span> <span class='ocrx_word' id='word_1_238' title='bbox 721 2919 793 3003; x_wconf 89' lang='lat' dir='ltr'>ipsa</span> <span class='ocrx_word' id='word_1_239' title='bbox 811 2939 907 3004; x_wconf 90' lang='lat' dir='ltr'>quam</span> <span class='ocrx_word' id='word_1_240' title='bbox 925 2917 1117 2983; x_wconf 89' lang='lat' dir='ltr'>defenderat</span> 
     </span>
     <span class='ocr_line' id='line_1_33' title="bbox 120 2999 891 3064; baseline -0.001 0"><span class='ocrx_word' id='word_1_241' title='bbox 120 3021 194 3064; x_wconf 89' lang='lat' dir='ltr'>arce</span> <span class='ocrx_word' id='word_1_242' title='bbox 228 2999 331 3063; x_wconf 89' lang='lat' dir='ltr'>eiecit.</span> <span class='ocrx_word' id='word_1_243' title='bbox 585 3026 588 3030; x_wconf 52' lang='grc'>“</span> <span class='ocrx_word' id='word_1_244' title='bbox 890 3046 891 3050; x_wconf 65' lang='lat'>,</span> 
     </span>
     <span class='ocr_line' id='line_1_34' title="bbox 95 3079 1117 3171; baseline -0.001 -20"><span class='ocrx_word' id='word_1_245' title='bbox 95 3098 113 3151; x_wconf 83' lang='lat'>9</span> <span class='ocrx_word' id='word_1_246' title='bbox 205 3082 294 3147; x_wconf 85' lang='lat' dir='ltr'>Talis</span> <span class='ocrx_word' id='word_1_247' title='bbox 305 3083 392 3147; x_wconf 93' lang='lat' dir='ltr'>domi</span> <span class='ocrx_word' id='word_1_248' title='bbox 405 3104 443 3146; x_wconf 85' lang='lat' dir='ltr'>ae</span> <span class='ocrx_word' id='word_1_249' title='bbox 453 3083 534 3148; x_wconf 85' lang='lat' dir='ltr'>foris</span> <span class='ocrx_word' id='word_1_250' title='bbox 541 3133 550 3166; x_wconf 94' lang='lat'>,</span> <span class='ocrx_word' id='word_1_251' title='bbox 562 3079 729 3170; x_wconf 64' lang='lat' dir='ltr'>talis&#39;pace</span> <span class='ocrx_word' id='word_1_252' title='bbox 743 3084 895 3171; x_wconf 89' lang='lat' dir='ltr'>belloque</span> <span class='ocrx_word' id='word_1_253' title='bbox 905 3083 1045 3169; x_wconf 90' lang='lat' dir='ltr'>populus</span> <span class='ocrx_word' id='word_1_254' title='bbox 1054 3084 1117 3150; x_wconf 86' lang='lat' dir='ltr'>Ro·</span> 
     </span>
     <span class='ocr_line' id='line_1_35' title="bbox 120 3166 1117 3250; baseline 0.002 -20"><span class='ocrx_word' id='word_1_255' title='bbox 120 3187 233 3230; x_wconf 89' lang='lat' dir='ltr'>manus</span> <span class='ocrx_word' id='word_1_256' title='bbox 249 3166 367 3231; x_wconf 87' lang='lat' dir='ltr'>fretum</span> <span class='ocrx_word' id='word_1_257' title='bbox 381 3166 463 3231; x_wconf 90' lang='lat' dir='ltr'>illud</span> <span class='ocrx_word' id='word_1_258' title='bbox 480 3167 732 3250; x_wconf 87' lang='lat' dir='ltr'>adulescentiae,</span> <span class='ocrx_word' id='word_1_259' title='bbox 751 3169 785 3232; x_wconf 93' lang='lat' dir='ltr'>id</span> <span class='ocrx_word' id='word_1_260' title='bbox 805 3177 855 3232; x_wconf 92' lang='lat' dir='ltr'>est</span> <span class='ocrx_word' id='word_1_261' title='bbox 872 3166 1049 3232; x_wconf 85' lang='lat' dir='ltr'>secundam</span> <span class='ocrx_word' id='word_1_262' title='bbox 1059 3170 1117 3232; x_wconf 91' lang='lat' dir='ltr'>im-</span> 
     </span>
     <span class='ocr_line' id='line_1_36' title="bbox 107 3250 1135 3395; baseline 0.007 -83"><span class='ocrx_word' id='word_1_263' title='bbox 107 3250 201 3395; x_wconf 76' lang='lat' dir='ltr'>perii</span> <span class='ocrx_word' id='word_1_264' title='bbox 213 3259 350 3314; x_wconf 90' lang='lat' dir='ltr'>aetatem</span> <span class='ocrx_word' id='word_1_265' title='bbox 358 3250 479 3332; x_wconf 90' lang='lat' dir='ltr'>habuit,</span> <span class='ocrx_word' id='word_1_266' title='bbox 496 3251 530 3314; x_wconf 92' lang='lat' dir='ltr'>in</span> <span class='ocrx_word' id='word_1_267' title='bbox 542 3273 605 3337; x_wconf 93' lang='lat' dir='ltr'>qua</span> <span class='ocrx_word' id='word_1_268' title='bbox 616 3254 810 3331; x_wconf 87' lang='lat' dir='ltr'>totaminter</span> <span class='ocrx_word' id='word_1_269' title='bbox 821 3251 922 3338; x_wconf 88' lang='lat' dir='ltr'>Alpes</span> <span class='ocrx_word' id='word_1_270' title='bbox 932 3250 1135 3340; x_wconf 74' lang='lat' dir='ltr'>fretumque³</span> 
     </span>
     <span class='ocr_line' id='line_1_37' title="bbox 139 3331 661 3420; baseline 0.006 -25"><span class='ocrx_word' id='word_1_271' title='bbox 139 3331 250 3397; x_wconf 88' lang='lat' dir='ltr'>taliam</span> <span class='ocrx_word' id='word_1_272' title='bbox 262 3336 359 3399; x_wconf 89' lang='lat' dir='ltr'>armis</span> <span class='ocrx_word' id='word_1_273' title='bbox 372 3333 510 3420; x_wconf 86' lang='lat' dir='ltr'>subegit.</span> <span class='ocrx_word' id='word_1_274' title='bbox 572 3384 576 3389; x_wconf 88' lang='lat'>.</span> <span class='ocrx_word' id='word_1_275' title='bbox 656 3366 661 3373; x_wconf 90' lang='lat'><em>·</em></span> 
     </span>
    </p>
   </div>
   <div class='ocr_carea' id='block_1_5' title="bbox 0 0 1188 3818">
    <p class='ocr_par' dir='ltr' id='par_1_6' title="bbox 0 0 1188 3818">
     <span class='ocr_line' id='line_1_38' title="bbox 0 0 1188 3818; baseline 0 0"><span class='ocrx_word' id='word_1_276' title='bbox 0 0 1188 3818; x_wconf 95' lang='lat' dir='ltr'> </span> 
     </span>
    </p>
   </div>
  </div>
 </body>
</html>
