2356 3818
364 214 714 304 II,13.14[1111,2.3].
999 218 1039 282 ss

34 400 159 445 currus
187 388 219 443 et
240 379 354 444 Ponto.
408 389 518 445 uartus
546 381 662 446 Iubam
689 391 721 445 et
747 381 983 447 Mauretaniam
1006 394 1039 449 et

33 463 93 528 bis
111 459 281 527 subactam
297 404 488 528 ostendebat
498 465 700 549 Hispaniam.
723 464 893 530 Pharsalia
910 476 942 530 et
955 467 1038 531 Tha-

34 567 120 633 psos
143 553 175 609 et
190 545 313 611 Munda
336 569 505 633 nusquam.
528 556 561 612 et
582 557 701 634 quanto
720 551 843 614 maiora
862 560 970 633 erant,
998 551 1040 617 de

37 629 162 716 quibus
183 631 366 693 non-trium
387 629 500 695 habatl

16 740 29 778 s
64 770 70 779 .
126 712 192 775 Hie
216 712 348 798 aliquan
372 734 390 778 0
418 714 492 777 finis
519 718 618 778 armis
643 714 721 797 fuit3
748 715 876 801 reliqua
903 737 971 800 pax
990 717 1081 779 ἑτι-90

39 804 178 861 cruenta
199 804 433 882 pensatumque
455 797 625 861 clementia
646 798 778 863 bellum.
808 820 902 862 nemo
925 820 1038 864 caesus

40 879 179 964 imperio
208 887 336 963 praeter
356 880 531 944 Afranium
559 881 652 967 (satis
673 882 843 964 ignoverat
869 881 982 965 semel)
1006 892 1039 945 et

41 962 201 1025 Faustum
222 960 346 1026 Sullam
374 963 541 1048 (docuerat
560 985 698 1048 generos
719 967 832 1028 timere
849 964 1037 1051 Pompeius)

42 1044 208 1130 filiamque
229 1045 364 1130 Pompei
391 1055 423 1110 et
447 1047 600 1131 parvulos
629 1069 672 1111 ex
692 1045 782 1111 Sulla
809 1047 876 1134 (hic
901 1049 1038 1146 posteris

10 1127 246 1211 ¹⁰cavcbatur).
267 1130 375 1214 itaque
395 1152 460 1193 non
477 1132 613 1214 ingratis
632 1130 757 1194 sitibus
776 1152 885 1195 omnes
902 1154 937 1194 1n
952 1133 1080 1217 prin-01

42 1212 150 1297 cipem
180 1213 326 1296 congesti
353 1212 509 1277 honores:
539 1214 626 1276 eirea
657 1212 777 1298 templa
804 1215 977 1298 imagines,
1004 1215 1039 1278 in

41 1294 170 1359 theatro
199 1295 352 1359 distincta
376 1297 475 1360 radiis
505 1317 639 1377 corona,
673 1306 846 1380 suggestus
873 1299 909 1361 in
939 1298 1038 1379 ouria,

42 1377 212 1461 fastigium
235 1379 271 1441 in
297 1378 407 1460 domo,
442 1381 562 1442 mensis
589 1383 624 1442 in
651 1379 755 1461 caelo,
787 1381 830 1444 ad
859 1381 921 1444 hoe
971 1389 1039 1444 ater

42 1463 115 1546 ipse
130 1462 259 1545 patriae·
270 1471 508 1547 perpetuusque
526 1463 678 1543 dictator,
695 1463 887 1544 novissime,
906 1403 1039 1526 dubium

10 1550 89 1609 ¹³an
114 1544 186 1630 ipso
211 1544 356 1626 volente,
385 1544 494 1609 oblata
520 1544 714 1630 prorostris
737 1543 942 1609 abAntonio
965 1567 1038 1609 eon·

43 1626 115 1692 sula
140 1629 237 1711 regni
255 1628 407 1712 insignia.
438 1649 521 1714 qnae
546 1628 654 1692 omnia
673 1626 763 1691 velut
784 1627 905 1691 infulae
926 1630 962 1691 in
984 1626 1080 1692 ‹le-9²

43 1711 197 1776 stinatam
222 1714 318 1774 morti
343 1712 508 1776 victimam
535 1710 802 1795 congerebantur.
836 1712 954 1795 quippe
976 1711 1038 1774 cle-

43 1795 199 1859 mentiam
241 1794 375 1878 riucipis
395 1796 475 1859 vicit
491 1795 631 1876 invidia,
652 1794 761 1879 gravis
785 1815 826 1858 ue
841 1802 910 1856 erat
926 1793 1038 1858 liberis

43 1879 118 1963 ipsa
136 1816 368 1941 benedeiorum
386 1880 541 1963 potentia.
564 1899 625 1941 nee
641 1816 846 1942 diutiusqlata
863 1876 1037 1942 dominatio
1047 1885 1081 1938 93

10 1968 112 2042 west,
140 1960 199 2024 sed
219 1960 339 2024 Brutus
359 1970 391 2024 et
415 1960 549 2025 Cassius
572 1962 691 2046 aliique
715 1970 823 2059 patres
845 1982 1054 2033 consensere,

43 2047 80 2108 in
101 2043 234 2107 eaedem
255 2045 421 2128 principis.
455 2053 575 2142 quanta
597 2045 648 2107 vis
672 2043 746 2107 fatri
767 2052 954 2108 manauerat
974 2039 1081 2107 late94

43 2128 239 2207 coniuratio,
270 2125 399 2190 libellus
429 2132 524 2190 etiarn
547 2127 680 2191 Caesari
712 2127 806 2190 datus
835 2126 947 2190 eodem
975 2127 1037 2206 die,

42 2230 106 2275 nec
132 2209 286 2295 perlitare
316 2218 444 2273 centum
465 2210 607 2273 victimis
628 2217 786 2293 potuerat.
818 2211 908 2271 venit
927 2210 962 2271 in
985 2230 1037 2272 cu-

41 2295 128 2357 riam
147 2300 256 2356 tamen
278 2292 517 2377 expeditionem
541 2291 724 2354 Parthicam
748 2293 918 2355 meditans.
941 2291 987 2356 ibi
1003 2291 1082 2352 inas

10 2374 151 2445 aeumli
182 2375 348 2439 sedentem
379 2397 452 2438 eum
484 2383 613 2438 senatus
646 2376 780 2455 invasit,
812 2374 981 2460 tribusque
1007 2382 1039 2437 et

41 2459 163 2543 viginti
185 2456 373 2522 volneribus
400 2459 443 2522 ad
463 2465 583 2521 terram
612 2457 705 2521 datus
726 2466 786 2521 est.
815 2459 862 2521 sic
886 2457 955 2539 ille,
983 2458 1039 2543 qui

40 2552 203 2608 terrarum
230 2541 341 2605 orbem
369 2541 458 2605 civili
478 2540 643 2624 'sanguine
670 2541 875 2626 impleverat,
908 2541 1040 2605 tandem

40 2628 115 2712 ipse
135 2626 294 2709 sanguine
316 2646 374 2695 suo
399 2626 522 2688 curiam
543 2625 700 2709 impleuit.

136 2756 252 2823 mm.
284 2756 369 2822 ans
389 2756 472 2827 srss
497 2756 701 2822 caesnas
723 2736 945 2821 nvevsro.

10 2919 35 2960 2,
129 2879 273 2965 Populus
284 2879 448 2942 Romanus
465 2877 604 2942 Caesare
622 2886 653 2940 et
664 2877 818 2962 Pompeio
835 2874 1002 2938 trucidatis
1012 2870 1106 2950 1111,3

42 2963 170 3028 redisse
196 2964 232 3025 in
259 2971 378 3025 statum
425 2962 575 3024 ristinum
602 2959 760 3024 libertatis
787 2957 968 3023 videbatur.
1008 2964 1039 3019 et

41 3046 199 3128 redierat,
226 3047 291 3109 nisi
316 3054 372 3108 aut
420 3046 564 3129 ompeius
591 3042 710 3107 liberos
730 3050 785 3106 aut
806 3040 927 3105 Caesar
947 3038 1065 3102 here-a

43 3130 120 3195 dem
142 3129 342 3214 reliquisset,
368 3128 439 3209 vel,
469 3126 555 3212 quod
574 3135 711 3211 utroque
731 3123 943 3209 perniciosius
965 3121 1038 3204 fuit,

43 3214 74 3278 si
102 3234 169 3277 non
195 3211 321 3296 collega
346 3211 522 3298 quondam,
548 3230 625 3274 mox
652 3208 795 3272 aemulus
817 3205 1039 3270 Caesareanae

10 3296 224 3384 apotentiae,
253 3295 312 3359 fax
333 3304 365 3358 et
384 3293 479 3358 turbo
499 3294 662 3379 sequentis
684 3291 805 3354 saeculi
826 3288 1039 3374 superfuisset

42 3380 219 3445 Antonius.
252 3376 468 3464 quippedum
489 3374 607 3440 Sextus
633 3384 767 3458 paterna
789 3373 921 3459 repetit,
942 3373 1064 3456 trapi-3

43 3463 157 3529 datum
182 3470 251 3527 toto
278 3460 376 3542 mari,
400 3458 480 3535 ,dum
502 3457 657 3522 Octavius
678 3465 814 3522 mortem
837 3457 939 3542 patris
960 3454 1038 3519 ulei·
