2356 3818
301 204 333 251 ὓ
415 211 664 301 .1,45[111‚1o].
911 293 914 299 ,
1002 209 1043 320 o'1

44 382 136 449 nullo
154 383 256 464 magis
273 380 411 464 exprimi
426 387 532 466 potest
549 400 645 464 quam
663 380 757 466 quod,
772 380 866 444 elatis
885 403 981 467 super
992 403 1044 447 ca·

61 477 102 530 ut
114 466 214 528 scutis
229 486 302 527 cum
321 485 355 529 se
366 463 527 527 testudine
541 462 699 527 barbarus
707 468 844 548 tegeret,
864 486 960 549 super
973 467 1045 550 ipsa

44 492 184 617 domani
204 556 294 614 scuta
316 545 485 627 salienmt,
514 555 546 612 et
566 547 642 613 inde
663 551 697 609 in
718 547 846 631 iugulos
867 546 969 631 gladii
991 549 1044 612 de-

44 632 254 700 scendebant.
276 632 392 694 iterum
409 631 450 694 de
468 629 630 694 Germano
649 630 800 715 Tencteri
818 631 1043 716 querebantur.
1056 645 1089 700 14

44 719 189 784 hisvero
206 716 271 778 iam
284 713 405 779 ansar
420 713 505 778 ultro
516 713 686 778 Mosellam
701 713 811 788 navali
826 724 923 799 ponte
942 723 1045 779 trans-

44 799 193 887 greditur
212 800 380 883 ipsumque
394 797 543 863 Rhenum
566 809 598 862 ct
613 797 701 863 Herc
724 799 787 862 niis
809 797 934 862 hostem
951 820 1046 883 quae-

44 887 88 961 rit
110 885 146 946 in
166 882 273 964 silvis3
297 881 410 945 sedin
432 881 532 945 saltus
554 903 593 945 ac
613 818 748 966 paludes
770 903 854 971 gens,
867 883 969 946 omnis
986 881 1047 945 dif-

44 969 184 1052 fugerat.
207 975 331 1030 tantum
345 967 475 1050 pavoris
493 967 629 1030 incussit
646 966 732 1029 intra
745 967 849 1050 ripam
866 964 973 1030 subita
983 966 1047 1029 Ros

44 1071 143 1116 mana
161 1051 222 1114 vis.
256 1071 316 1112 nec
338 1049 437 1113 semel
459 1049 609 1131 Rhenus,
636 1059 685 1114 set
706 1051 823 1113 iterum
844 1070 984 1135 quoque,
1014 1052 1090 1113 et15

44 1135 178 1222 quidem
190 1142 287 1218 ponto
303 1133 389 1197 facto
407 1140 592 1217 penetratus
605 1142 664 1198 est.
685 1134 787 1199 maior
808 1132 972 1219 aliquanto
983 1141 1046 1196 tre-

44 1218 180 1320 pidatio.
218 1218 336 1315 quippe
361 1238 433 1280 oum
460 1216 608 1282 Rhenum
635 1239 728 1282 suum
755 1218 803 1280 slo
827 1226 926 1302 ponte
954 1216 1047 1303 quasi

44 1322 172 1388 rugoca
194 1300 429 1382 tummderent,
451 1301 487 1364 su
510 1322 531 1364 a
549 1322 659 1365 rursus
678 1302 713 1363 in
730 1301 828 1365 silvas
850 1308 882 1364 et
902 1299 1046 1385 paludes,

44 1395 86 1468 at,
107 1323 196 1531 qutald
211 1382 453 1475 acerbissimum
499 1385 605 1449 assari
621 1383 692 1467 fuit,
711 1406 777 1449 non
796 1384 888 1450 fuere
905 1384 960 1469 qui
977 1385 1046 1448 vin-

44 1490 144 1534 ceren
181 1490 207 1531 r.
489 1506 491 1512 ·
558 1486 582 1506 ⁴·

55 1593 57 1597 -
133 1550 291 1616 Omnibus
309 1560 398 1615 terra
414 1551 560 1637 marique
580 1552 760 1636 peragratis
781 1550 924 1697 respexit
945 1550 1046 1614 Ocea·
1059 1558 1090 1625 tt

44 1658 124 1702 num
146 1646 187 1717 et,
210 1636 303 1721 quasi
323 1636 377 1698 hic
398 1635 552 1699 Romanis
575 1633 662 1699 orbis
684 1656 750 1699 non
772 1633 827 1698 suf
848 1643 944 1715 cerat,
968 1633 1045 1698 alte·

44 1743 119 1787 rum
151 1720 315 1804 cogitavit.
367 1717 470 1782 classe
509 1719 608 1803 igitur
642 1727 818 1804 conparata
843 1719 1047 1802 Britanniam

44 1804 163 1869 transit
187 1805 269 1870 mira
289 1802 470 1884 celeritate3
499 1803 617 1889 quippe
645 1804 701 1902 qui
726 1804 822 1871 tertia
842 1801 1048 1886 vigiliacum

44 1888 247 1954 Morinorum
270 1885 419 1951 solvisset
445 1895 591 1973 aporm,
618 1908 724 1951 minus
751 1908 847 1972 quam
865 1885 971 1951 medio
994 1885 1046 1951 die

44 1970 188 2038 insulam
208 1972 372 2053 ingressus
394 1978 452 2034 est.
481 1969 577 2062 plena
598 1979 690 2035 erant
709 1970 848 2036 tumultu
867 1969 992 2034 hostica
1008 1968 1046 2032 li·
1060 1964 1088 2015 ¹⁷

44 2066 129 2136 tora,
152 2062 183 2118 et
205 2054 399 2139 trepidantia
417 2053 459 2117 ad
481 2064 686 2139 conspectum
706 2057 755 2119 rei
776 2075 881 2118 novae
895 2062 1047 2140 carpenta
1110 2081 1114 2089 ·

44 2136 236 2204 volitabant.
275 2138 383 2223 itaque
404 2138 575 2223 trepidatio
603 2160 662 2222 pro
682 2140 820 2203 victoria
847 2136 918 2200 fuit.
958 2157 1047 2199 arma

44 2233 78 2289 et
100 2220 231 2288 obsides
252 2223 377 2307 accepit
398 2241 418 2284 a
434 2220 587 2305 trepidis,
602 2229 634 2284 et
654 2221 789 2285 ulterius
807 2222 896 2300 isset,
916 2220 979 2281 nisi
998 2221 1045 2283 in·

44 2306 184 2394 probam
200 2303 337 2370 classem
356 2304 527 2388 naufragio
549 2305 738 2387 castigasset
756 2305 914 2369 Oceanus.
938 2307 1087 2370 rever-18

45 2412 104 2455 sus
125 2390 225 2473 igitur
244 2387 457 2470 insOalliam,
485 2387 589 2456 classe
614 2389 735 2452 maiore
759 2389 925 2473 auctisque
944 2387 1046 2471 copiis

44 2476 80 2539 in
99 2472 239 2538 eundem
258 2494 369 2545 rursus
393 2473 559 2537 Oceanum
579 2471 772 2558 eosdemque
793 2493 905 2536 rursus
920 2470 1047 2535 Britan.

44 2578 116 2623 nos.
150 2554 330 2621 Caledonas
352 2565 479 2620 secutus
500 2557 534 2620 in
554 2553 653 2623 silvas
667 2578 774 2626 unum
816 2577 858 2620 uo
881 2577 922 2620 uc
940 2577 982 2619 ex
998 2576 1046 2618 re-

45 2639 143 2725 gibus
155 2639 176 2717 †
189 2640 339 2705 Casuella
348 2641 383 2703 in
394 2639 502 2705 vincla
515 2640 612 2704 dedit.
625 2578 947 2727 contentushislnon
959 2640 1044 2704 enim
1055 2652 1087 2703 lt)

46 2724 245 2811 provinciae,
266 2725 324 2788 sed
341 2725 462 2789 nomini
484 2724 684 2810 studebatur)
713 2747 786 2788 cum
805 2725 927 2788 maiore
950 2744 1046 2809 quarn

46 2808 139 2892 prius
159 2807 280 2892 praeda
301 2816 448 2871 revectus
471 2809 634 2892 est,-ipso
663 2830 788 2894 quoque
809 2806 939 2873 Oceano
961 2816 1046 2870 tran·

47 2890 149 2978 quilla
166 2892 270 2974 magis
288 2892 482 2976 etpropitio,
505 2893 598 2978 quasi
617 2893 763 2977 inparem
780 2893 810 2956 ei
827 2913 862 2954 se
879 2890 1044 2954 fateretur.

133 2973 200 3039 Sed
221 2977 362 3038 maxima
384 2976 525 3039 omnium
544 2975 719 3060 eademque
739 2976 915 3040 novissima
935 2973 1087 3036 conia-20

46 3059 131 3123 ratio
148 3058 211 3122 fuit
223 3058 403 3123 Galliarum
421 3060 612 3123 communis:
630 3061 752 3144 pariter
768 3059 968 3141 Arvernoqa
1002 3075 1044 3118 ue

47 3140 225 3225 Biturigas,
248 3140 407 3207 Oarmitas
428 3142 523 3206 simul
544 3141 772 3229 Sequanosque
787 3141 957 3206 contraxit.
1014 3139 1086 3201 ‘cal

46 3246 184 3311 corpore
200 3227 297 3290 armis
313 3226 490 3311 spirituque
509 3224 678 3308 terribilis,
698 3228 826 3290 nomine
842 3225 937 3289 etiam
953 3222 1046 3310 quasi

48 3309 93 3374 ad
104 3317 263 3373 terrorem
279 3309 454 3392 conposito,
480 3300 729 3392 Vercingetorir'r
749 3307 804 3372 ille
823 3308 914 3372 festis
933 3307 1044 3371 diebus

50 3402 82 3457 et
100 3391 335 3473 conciliabulis,
355 3412 428 3454 cum
449 3391 726 3492 frequentissimos
743 3393 781 3454 in'
799 3391 880 3457 lucis
901 3390 1043 3469 haberet,

47 3474 213 3543 ferocibus
229 3475 325 3541 dictis
345 3475 388 3541 ad
409 3476 458 3541 ius
479 3477 651 3565 pustinum
671 3475 829 3542 libertatis
845 3475 966 3540 erexit.
990 3471 1100 3537 als-m
