2356 3818
107 186 166 251 104
466 197 572 248 auom
583 196 748 247 amnon.

106 351 234 437 agmine
256 371 276 413 a
295 348 456 414 montibus
481 350 586 414 niveis
608 349 851 414 descenderant.
896 371 959 414 neo
982 358 1046 414 tem

107 442 250 519 sumptus
271 431 419 496 barbaris
441 433 613 498 videbatur
634 442 702 497 tum
722 435 877 519 impetus,
906 434 967 498 sed
987 457 1046 520 pos

107 518 220 583 castris
243 516 330 602 apud
349 517 504 581 Asturam
523 515 642 579 flumen
664 516 824 580 trifariam
846 517 951 582 diviso
974 540 1046 603 agm

65 607 98 660 55
108 603 171 666 tria
197 600 291 664 simul
311 600 533 666 Romanorum.
552 598 688 684 adgredi
713 609 829 687 parant
856 611 973 665 castra.
1027 602 1046 665 t

59 720 61 725 ·
109 694 220 770 setque
247 706 365 771 anceps
398 691 430 747 et
457 692 624 747 cruentum
653 692 685 748 et
715 685 839 748 utinam
870 694 984 748 mutua
1013 686 1045 750 cl

107 778 269 834 certamen
287 789 361 831 cum
376 775 443 831 tam
463 764 612 849 fortibus,
633 776 701 831 tam
721 767 837 849 subito,
855 777 921 832 tarn
938 790 1015 832 cum
1033 791 1046 833 s

66 861 100 913 56
110 852 183 917 silio
205 849 425 931 venientibus,
447 850 512 912 nisi
532 849 718 935 Brigaecini
736 851 970 936 prodidissent,
994 873 1017 915 a
1039 876 1046 916 t

106 937 167 1001 bus
188 935 405 1020 praemonitus
426 931 572 998 Carisius
593 955 666 998 cum
691 936 836 999 exercitu
858 936 1003 1000 advenit.

107 1021 245 1084 victoria
272 1017 335 1082 fuit
362 1018 560 1102 oppressisse
587 1016 737 1099 consilia,
765 1019 811 1082 sic
840 1029 949 1082 tamen
978 1041 1043 1105 quo

66 1120 174 1170 arnon
194 1104 361 1165 incruento
382 1103 566 1165 certamine.
610 1102 762 1202 reliquias
783 1102 848 1166 fusi
870 1104 1035 1167 exercitus

108 1185 265 1252 lidissima
285 1184 400 1249 civitas
417 1185 547 1249 Lancea
573 1195 715 1271 exceprt,
742 1186 800 1250 ubi
826 1207 898 1249 cum
920 1185 1003 1250 locis
1027 1209 1046 1250 a

109 1276 265 1333 certatum
289 1276 352 1350 est,
380 1277 416 1332 ut
443 1289 516 1332 cum
541 1270 576 1333 in
598 1277 724 1353 captam
748 1268 861 1333 urbem
883 1270 972 1334 faces
994 1292 1046 1356 pot

67 1359 100 1410 58
111 1360 237 1433 rentur,
265 1371 363 1436 aegre
390 1351 458 1416 dux
478 1354 698 1441 impetraverit
717 1355 862 1436 veniam,
890 1362 926 1417 ut
950 1356 1046 1418 victor

109 1436 273 1501 Romanae
300 1443 389 1500 stans
409 1437 515 1521 potius
543 1445 629 1501 esset
649 1457 746 1525 quam
765 1439 898 1516 incensa
918 1459 1046 1517 monum

108 1530 186 1585 tum·
637 1535 641 1542 '

66 1609 100 1663 59
192 1603 256 1668 Hic
288 1603 363 1668 finis
387 1604 537 1687 Augusto
571 1602 760 1669 bellicorum
792 1605 1005 1669 certaminum
1037 1606 1046 1668 1

108 1688 194 1753 idem
221 1687 402 1752 rebellandi
426 1687 499 1754 finis
521 1686 710 1772 Hispaniae.
761 1697 849 1752 certa
874 1711 950 1754 mox
971 1689 1046 1753 fider

108 1781 239 1835 aeterna
268 1792 352 1856 pax,
387 1791 461 1834 cum
492 1771 794 1867 ipsorumringenio
826 1773 860 1835 in
896 1774 986 1856 pacis
1023 1795 1046 1836 a:

107 1855 317 1940 promptiore,
339 1862 407 1917 tum
428 1852 562 1916 consilio
585 1851 749 1935 Caesaris,
770 1855 825 1939 qui
845 1853 998 1918 fiduciam
1021 1880 1046 1920 n

108 1937 189 1999 tium
209 1936 324 1998 timens
347 1936 382 1997 in
403 1956 482 2080 <ppos
503 1955 538 1997 se
564 1934 778 2033 recipiebant,
809 1946 915 2000 castra
935 1960 1012 2021 sua,
1033 1963 1046 2003 c

53 2017 260 2103 ,ooinplano
283 2026 389 2099 erant,
433 2018 557 2082 abitare
579 2026 610 2081 et
630 2017 771 2083 moolere
792 2020 903 2101 iussit3
929 2020 976 2083 ibi
1000 2014 1046 2108 ge*

110 2122 181 2165 esse
203 2101 387 2185 concilium,
415 2100 497 2166 illud
519 2102 692 2167 observare
720 2112 827 2189 eaput.
871 2103 1006 2168 favebat
1036 2128 1046 2170 ‹

110 2185 182 2250 silio
203 2196 319 2250 natura
339 2187 496 2271 regionis3
517 2188 604 2251 circa
620 2187 706 2251 enim
727 2189 828 2252 omnis
851 2187 993 2251 aurifera
1011 2210 1046 2254 es

94 2269 330 2357 ‘chrysocollae
352 2272 507 2358 miniique
529 2280 561 2336 et
583 2271 720 2337 aliorum
741 2272 883 2337 colorum
902 2271 1009 2335 ferax.

111 2376 173 2440 que
208 2357 353 2419 exerceri
397 2355 501 2420 solum
540 2357 644 2420 iussit.
707 2357 754 2419 sic
792 2357 928 2422 Astures
965 2356 1046 2419 niter

109 2439 145 2501 in
174 2438 371 2523 profundum
401 2459 479 2523 opes
508 2459 582 2503 suas
615 2448 712 2525 atque
747 2439 895 2522 divitias,
927 2437 1004 2503 dum
1036 2462 1046 2503 a

110 2529 282 2604 quaerunt,
305 2542 400 2586 nosse
420 2529 604 2606 coeperunt.

110 2648 294 2731 XXXIIII.
312 2650 406 2716 PAX
422 2651 701 2803 PssRffbigiigqii
716 2654 776 2718 ET
794 2654 1046 2721 consecant

37 2841 46 2852 ’
68 2863 100 2917 61
175 2927 177 2936 Ι
195 2854 353 2920 Omnibus
380 2855 422 2919 ad
447 2877 597 2921 occasum
618 2864 650 2920 et
674 2857 840 2921 meridiem
860 2858 983 2943 pacatis
1003 2880 1046 2942 ge

111 2938 187 3023 bus,
206 2939 248 3003 ad
270 2940 519 3028 septentrionem
540 2961 680 3039 quoque,
709 2938 785 3004 dum
805 2949 897 3004 taxat
917 2942 1004 3004 intra
1026 2942 1046 3006 f

111 3042 188 3087 num
206 3031 302 3109 atque'
322 3023 525 3105 Danuvium,
545 3032 622 3088 rtem
644 3024 685 3088 ad
705 3025 859 3088 orientem
882 3027 967 3087 intra
986 3024 1046 3110 Gy]

113 3114 144 3170 et
164 3106 368 3193 Euphraten,
388 3107 437 3171 illi
459 3128 585 3193 quoque
607 3106 738 3195 reliqui,
784 3110 818 3172 ui
838 3110 986 3171 inmunes
1009 3111 1046 3172 in

111 3189 153 3252 rii
174 3201 274 3274 erant,
297 3191 479 3256 sentiebant
500 3199 607 3254 tamen
623 3193 768 3276 magnitu
794 3193 801 3207 '
828 3214 877 3255 em
899 3200 930 3255 et
950 3193 1046 3258 victo:

68 3283 102 3335 62
135 3274 257 3338 entium
284 3275 438 3361 populum
462 3275 641 3339 Romanum
674 3275 915 3339 reverebantur.
966 3299 1045 3341 nam

20 3407 27 3419 ,
112 3292 252 3441 ξογὶὴαθ
273 3359 389 3423 misere
410 3358 534 3444 legatos
557 3367 588 3422 et
610 3357 774 3423 Sarmatae
803 3361 978 3423 amicitiam
999 3382 1046 3445 pe·

112 3447 171 3521 tes.
222 3437 315 3504 Seres
343 3443 438 3506 etiam
464 3441 711 3529 habitantesque
739 3442 799 3507 sub
831 3444 902 3539 ipso
929 3443 996 3507 sole
1025 3445 1046 3507 I:
