2356 3818
307 192 817 328 1,34-3c.[11,1s-20.111‚1].
970 199 1063 300 ar
1144 212 1153 221 ’

58 425 176 469 rorem
196 439 239 454 ·-
261 403 369 467 nefas!
389 442 432 454 -
461 413 561 468 semet
586 404 655 489 ipse
685 403 854 468 laceravit·
895 424 977 490 quae
1003 405 1088 468 elsio

59 492 180 552 iuncta
202 487 286 550 inter
308 508 343 550 se
364 497 437 551 sunt
459 490 566 552 omnia
585 486 849 573 atqueficonfusa,
871 495 979 551 tamen
1001 508 1064 572 quo

60 571 187 636 melius
206 580 395 656 appareant,
426 570 520 635 simul
546 580 577 634 et
596 593 638 634 ne
665 570 787 634 scelera
812 570 986 644 virtutibus
1009 569 1065 635 ol»

61 654 228 739 strepant,
253 656 425 739 separatim
441 655 636 736 referentur,
658 654 824 740 priusque,
839 663 875 717 ut
891 653 1064 739 coepimus,

44 741 161 803 '’iusta'
174 736 231 801 illa
256 747 288 800 et
307 739 362 823 pia
390 759 462 800 cum
489 737 608 800 exteris
635 737 785 821 gentibus
804 737 891 803 bella
910 758 1063 801 memora·
1109 747 1112 751 “

53 821 185 901 ¹bimus,
206 829 242 885 ut
262 820 449 904 magnitudo
472 822 645 883 crescentis
667 821 701 882 in
728 821 796 884 dies
820 821 948 905 imperii
968 841 1063 918 appa-

61 912 153 986 reat;
181 913 248 967 tum
276 904 318 968 ad
344 904 402 968 illa
429 905 548 968 rivium
569 904 691 966 scelera
709 912 883 990 turpesque
907 911 938 968 et
958 903 1064 987 inpias

61 1008 193 1072 pugnas
214 997 422 1053 reuertemur.
502 1010 504 1017 ’
767 1015 771 1022 ·

251 1103 396 1182 xxxa
415 1082 608 1184 *nannum
623 1117 881 1186 Asmrrcvu.

44 1259 52 1299 r
153 1233 249 1298 Victa
265 1235 307 1299 ad
325 1257 472 1299 oceasum
488 1234 648 1321 Hispania
665 1238 802 1323 populus
819 1238 982 1303 Romanus
1000 1239 1042 1307 ad
1049 1257 1085 1321 11,
1092 1244 1134 1306 20

63 1320 225 1383 orientem
240 1339 353 1416 pacem
369 1319 495 1403 agebat,
513 1342 574 1382 nec
590 1340 702 1405 pacem
717 1323 822 1403 modo,
843 1322 900 1385 sed
912 1323 1065 1387 inusitata

64 1411 100 1467 et
117 1403 284 1485 incognita
304 1402 442 1488 quadam
458 1403 616 1488 ‘felicitate
637 1405 769 1468 relictae
790 1405 889 1488 regiis
907 1404 1064 1487 heredita-

62 1485 155 1550 tibus
168 1505 244 1570 opes
262 1494 294 1549 et
311 1495 379 1549 tota
397 1486 530 1550 insemel
546 1507 647 1570 regna
660 1487 844 1551 veniebant:
866 1488 994 1551 Attalus
1005 1501 1092 1552 rex2

64 1570 358 1653 Pergamenorum,
387 1572 474 1653 regis
496 1569 650 1632 Eumenis
671 1569 772 1651 filius,
801 1570 881 1634 socii
905 1571 1066 1655 quondam

44 1651 358 1738 scommilitonisque
380 1653 491 1735 nostri,
515 1661 739 1716 testamentum
759 1653 902 1739 reliquit:
917 1653 1065 1752 ‘populus

62 1739 234 1802 Romanus
256 1736 413 1800 bonorum
434 1758 577 1800 meorum
598 1736 691 1799 heres
715 1744 807 1800 esto'.
846 1736 995 1817 inboms
1017 1759 1065 1801 re-

64 1822 132 1906 giis
144 1819 224 1885 haec
235 1820 446 1884 fuerunt***.
465 1820 553 1884 adita
569 1821 668 1903 igitur
678 1818 1091 1906 hereditate'provineiama

61 1902 209 1990 populus
230 1903 393 1968 Romanus
420 1926 486 1968 non
508 1903 637 1989 quidem
660 1902 747 1967 bello
776 1905 969 1988 necqfarmis„
998 1903 1065 1986 sed,

66 1985 157 2073 quod
177 1989 319 2072 aequius,
338 1989 605 2063 testamentiiure
622 1987 790 2051 retinebat.
814 1985 872 2051 sed
888 1987 971 2052 hane
983 1987 1092 2052 ciffi-4

44 2070 133 2134 neila
152 2068 241 2136 dictu
258 2079 306 2134 est
321 2078 428 2134 utrum
444 2070 571 2134 facilius
589 2071 731 2134 amiserit
748 2070 886 2156 populus
902 2071 1064 2134 Romanus

66 2177 111 2219 an
123 2156 371 2240 recuperaverit.
392 2154 604 2234 Aristonicus,
621 2154 705 2237 regii
723 2156 890 2237 sanguinis
908 2154 1002 2217 ferox
1018 2155 1064 2216 iu-

65 2234 175 2317 venis,
190 2237 281 2316 urbis
296 2237 428 2322 regibus
443 2258 557 2321 parere
573 2245 741 2299 consuetas
758 2237 876 2322 partim
889 2236 985 2299 facile
1003 2235 1063 2299 sol-

67 2322 182 2402 licitat,
202 2342 320 2406 paucas
341 2321 528 2400 resistentis,
549 2319 703 2405 Myndon,
726 2318 853 2400 Samon,
877 2318 1064 2403 Colophona

66 2407 103 2469 vi
117 2406 255 2489 recepit,
284 2405 395 2470 Crassi
440 2413 545 2488 unque
570 2403 727 2489 praetoris
749 2403 866 2486 cecidit
887 2403 1063 2473 exercitum

44 2490 353 2586 ⁵ipsumquecepit.
384 2425 442 2552 sed
459 2487 515 2552 ille
534 2508 655 2551 memor
676 2494 708 2549 et
725 2484 867 2550 familiae
886 2495 917 2550 et
930 2486 1092 2552 Romanis

69 2573 211 2635 nomims
228 2572 394 2636 custodem
412 2573 462 2636 sui
478 2570 650 2635 barbarum
667 2570 796 2654 virgula
815 2579 967 2634 excaecat
984 2579 1015 2634 et
1031 2571 1066 2633 in

70 2656 208 2720 exitium
230 2657 295 2736 sui,
319 2656 405 2741 quod
426 2653 571 2737 volebat,
600 2656 646 2718 ita
667 2655 815 2718 concitat.
851 2676 928 2718 mox
949 2676 968 2716 a
989 2654 1114 2725 Per-e'

69 2759 176 2886 perna
195 2737 333 2802 domitus
356 2748 388 2802 et
408 2746 518 2825 captus
540 2747 572 2802 et
587 2760 650 2885 ,per
665 2738 861 2802 deditionem
876 2740 910 2801 in
927 2736 1073 2802 vinculis

93 2821 213 2886 abitus.
241 2823 392 2908 Aquilius
408 2823 545 2887 Asiatici
558 2822 599 2886 be
613 2821 637 2886 li
651 2821 717 2884 reli
739 2821 809 2884 uias
827 2821 974 2901 coniecit,
985 2820 1092 2882 mix-7

44 2908 114 2970 stis
131 2934 178 2957 -Α
191 2906 299 2970 nefas!
314 2944 357 2959 —-
367 2920 492 2971 veneno
510 2904 653 2969 fontibus
668 2904 710 2968 ad
718 2843 920 2968 deditionem
930 2915 1067 2994 quarun-
1093 2902 1101 2919 '

72 2991 148 3055 dam
168 2989 306 3054 urbium.
341 3006 422 3076 quae
442 3012 495 3053 res
514 2998 550 3052 ut
573 2997 738 3070 maturam,
759 2988 805 3052 ita
825 2987 977 3052 infamem
990 2985 1069 3049 feeit

71 3074 390 3172 victoriam,‹quippe
411 3096 484 3138 cum
505 3081 617 3137 contra
636 3071 686 3136 fas
708 3070 803 3135 deum
819 3072 1068 3154 moresquezma-

72 3160 179 3225 iorum
192 3157 459 3222 medicammibus
472 3158 595 3243 inpuris
617 3157 652 3220 in
669 3155 704 3219 id
720 3162 846 3242 tempus
865 3161 1069 3218 sacrosancta

73 3244 220 3309 Romana
236 3264 326 3306 arma
339 3240 503 3305 violasset.

44 3391 65 3441 a
175 3332 178 3362 '
210 3370 373 3439 xxxm.
400 3372 584 3439 rmum
599 3369 928 3473 rvevurmuvu.
968 3358 1099 3459 j„

158 3490 251 3558 Haec
273 3491 316 3558 ad
338 3490 512 3593 orientem
533 3491 677 3556 sednon
698 3489 743 3557 ad
754 3472 1164 3567 meditamine-m
