2356 3818
115 192 156 259 28
482 170 576 255 nvcrr
594 207 737 255 surunn

115 359 157 424 ad
177 360 353 423 exereitum
371 360 516 445 perrexit
539 369 571 424 et
590 380 662 423 eum
684 357 759 422 urbi
779 357 922 422 admovit
944 365 976 421 et
999 358 1034 420 in
1054 378 1105 444 pa·

114 442 208 507 triam
217 443 382 526 ingressus
395 441 589 542 Capitolium
601 443 779 527 occupavit,
793 463 856 542 quo
867 450 990 506 terrore
1003 443 1105 506 victus

89 535 244 590 leonatus
271 526 374 591 Mario
401 536 523 626 totique
549 526 683 591 factioni
711 529 779 590 eius
806 526 985 595 interdixit.
1031 525 1105 599 Pro

112 609 198 673 lecto
220 609 337 674 deinde
362 611 397 674 in
414 611 528 674 Asiam
549 609 638 674 Sulla
658 609 781 674 Marius
804 609 879 674 exul
904 631 979 674 cum
998 608 1105 695 profu·

112 693 218 777 gisset'
237 714 275 758 ac
301 695 439 779 primum
456 693 630 757 Minturnis
658 694 692 756 in
708 693 830 793 palude
851 693 1013 774 latuisset,
1039 702 1124 758 tumr

112 777 275 841 coniectus
290 779 324 841 in
341 798 502 842 carcerem
519 778 684 859 evasisset,
706 778 835 842 mterim
848 776 953 842 Cinna
965 782 1003 841 et'
1012 776 1105 842 Octa·

111 861 183 925 vius
210 862 245 924 in
274 860 362 926 urbe·
376 860 461 942 ***,
489 860 550 925 hac
576 862 744 926 occasione
765 861 840 925 data
860 860 982 925 Marius
1012 861 1107 926 rediit

112 955 144 1009 et
168 966 277 1009 secum
299 944 436 1009 Cinnam
457 944 593 1009 adduxit
614 946 709 1009 victis
729 945 917 1009 Octavianis
945 946 1104 1030 partibus.

112 1026 153 1092 Se
176 1029 289 1093 timum
315 1027 426 1092 consul
447 1037 573 1092 creatus
600 1029 797 1092 saevissimis
825 1027 978 1093 caedibus
1006 1039 1105 1093 totam

87 1050 225 1176 turCem
251 1111 436 1176 funestavit.
480 1111 570 1176 Sulla
592 1113 721 1176 interim
746 1113 833 1177 victo
854 1111 1045 1177 Mithridate
1072 1115 1131 1179 inu

111 1194 222 1259 urbem
243 1217 393 1259 reversus
414 1217 472 1280 pro
497 1205 634 1260 etotam
654 1194 783 1260 Italiam
803 1198 837 1260 in
857 1197 954 1259 armis
980 1197 1106 1263 invenit

111 1276 170 1341 sub
196 1279 314 1342 iuvene
335 1278 438 1343 Mario
495 1280 544 1343 ari
569 1278 653 1361 filio,
681 1279 739 1345 sed
760 1301 869 1345 omues
897 1281 966 1343 eius
996 1282 1105 1367 copias

109 1362 227 1445 partim
251 1363 286 1425 in
307 1362 441 1436 Etrruia
468 1363 511 1428 ad
532 1358 622 1427 Sacri
646 1372 772 1447 ortum,¹
816 1365 910 1428 artim
936 1362 980 1427 ad
1008 1362 1105 1430 Colli-

109 1466 184 1508 nam
200 1455 326 1531 portam
340 1449 514 1533 prostravit
535 1455 567 1511 et
584 1385 737 1534 reliquias
759 1470 779 1511 a
802 1448 1020 1512 versariorum
1043 1446 1105 1535 [eo-

108 1529 206 1618 rum]‚
235 1532 291 1617 qui
317 1553 350 1595 se
372 1531 575 1612 dediderant,
603 1530 638 1594 in
657 1530 738 1596 villa
755 1531 886 1617 publica
900 1531 1132 1596 vtru‘cidavitts

108 1613 163 1698 qui
184 1613 393 1698 diffugerant,
421 1616 456 1679 in
476 1614 587 1679 tabula
606 1618 773 1701 proposuit
799 1616 869 1680 iure
889 1616 1049 1701 permisso
1070 1623 1105 1680 ut

109 1697 375 1763 interficerentur.

130 1851 255 1916 XLIII.
300 1852 421 1919 ORDO
443 1851 578 1917 BELLI
597 1851 736 1917 INTER
756 1851 997 1918 CAESAREM
1018 1852 1083 1933 ET,

477 1948 723 2015 POMPEIVM.

191 2074 311 2140 Caesar
343 2084 374 2140 et
403 2076 574 2162 Pompeius
608 2085 640 2140 et
667 2074 804 2140 Crassus
837 2075 917 2139 inita
946 2077 1132 2160 societates

107 2161 275 2246 imperium
300 2159 517 2225 Romanorum
542 2159 767 2246 possidebant:
802 2157 923 2223 Caesar
948 2158 1103 2243 Gallicos,

109 2243 244 2308 Crassus
266 2243 415 2330 Syriacos
436 2245 595 2309 exereitus
616 2243 773 2325 habebat3
794 2243 876 2307 Pom
898 2243 966 2305 eius
989 2242 1105 2309 horum

106 2327 230 2391 viribus
257 2328 358 2407 fretus
392 2330 427 2393 in
455 2337 568 2393 senatu
596 2326 829 2394 dominabatur.
912 2334 962 2390 ost
992 2326 1104 2392 Crasu

106 2419 240 2475 mortem
261 2412 347 2497 apud
368 2412 505 2477 Parthos
526 2411 594 2451 ***

108 2575 135 2641 O
190 2494 341 2639 isMusus
371 2496 534 2566 Barbarus
554 2496 752 2578 Asculanus,
784 2493 921 2577 Quintus
947 2493 1131 2559 Lutatiusa

136 2585 192 2641 atu
204 2598 253 2641 us.

224 2728 374 2794 suun.
417 2730 481 2794 nn
500 2730 647 2796 nunno
665 2709 982 2797 nncnnouroo

189 2855 331 2942 Populus
359 2856 521 2920 Romanus
547 2879 621 2921 cum
647 2856 879 2922 Macedonibus
903 2856 1026 2922 bellum
1054 2869 1105 2925 ter

105 2942 215 3028 gessit.
260 2939 327 3004 Sub
348 2936 530 3005 Flaminino
557 2941 688 3005 consule
710 2963 820 3025 regem
848 2963 958 3006 eorum
979 2942 1104 3039 Philip·

105 3049 181 3112 pum
202 3026 294 3107 vicit,
318 3025 377 3088 sub
396 3025 498 3089 Paulo
510 3026 632 3089 Persen
647 3024 789 3111 Philippi
810 3025 924 3105 filium,
948 3025 1009 3090 sub
1030 3027 1132 3092 Mea

104 3109 180 3174 tello
193 3109 403 3174 Macedonico
417 3108 734 3194 Pseudophilippum.
777 3108 878 3172 Primi
897 3108 975 3172 belli
992 3131 1102 3194 causa,

106 3193 191 3277 quod
213 3194 253 3258 de
274 3195 400 3257 iniuriis
421 3192 634 3257 Macedonum
655 3193 773 3258 Graeci
795 3191 1029 3279 querebantur3
1055 3216 1102 3259 se·

105 3275 218 3358 cundi,
241 3278 327 3362 quod
347 3277 461 3342 foedus
483 3299 556 3341 curn
577 3285 667 3361 patre
691 3298 748 3342 suo
768 3298 956 3360 percussum
976 3279 1103 3363 ruperit

104 3356 239 3442 Perses;
269 3363 374 3443 tertii,
401 3360 487 3462 quod
513 3360 595 3425 falso
616 3382 733 3425 nomen
752 3381 866 3446 regum
886 3359 1103 3427 Macedonum

103 3440 394 3531 Pseudophilippus
415 3446 544 3509 invasit.
1108 3461 1132 3504 ³⁵
