2356 3818
358 217 390 303 1,
406 218 620 309 38-4op11,
635 220 754 310 3-51.
1021 224 1062 290 aa

10 396 28 435 Ξ
64 386 226 452 exercitus
249 408 344 473 quem
365 387 502 450 duxerat
524 385 615 450 Cato.
645 387 762 451 Didius
783 410 885 473 vagos
909 398 940 453 et
960 389 1089 455 liberas

63 469 271 617 pppulatione
305 470 439 534 diffusos
469 470 555 533 intra
587 491 678 534 suam
708 472 850 556 reppulit
883 471 1064 538 Thraciam.
1154 504 1158 509 ·

96 574 193 616 rusus
216 553 351 617 ulterius
374 555 441 638 egit
460 562 492 616 et
511 553 614 617 vetuit
630 555 767 618 transire
784 555 979 620 Danuvium.
1006 557 1066 620 Mi-

10 646 27 685 1
63 637 179 701 nucius
207 645 275 701 toto
302 639 445 715 vastavit
471 637 599 719 Hebro,
633 637 741 703 multis
770 639 900 724 quidem
927 640 1064 723 amissis,
1125 714 1128 719 .

10 720 142 791 {adnm
187 719 323 784 erfidum
344 720 449 805 glacie
470 719 589 784 flumen
616 722 786 807 equitatur.
800 793 802 798 ,
816 721 917 786 Volso
937 722 1091 789 Rhodo-o

10 812 28 851 Ε
63 826 127 889 pen
184 825 374 889 semumque
392 805 584 888 penetravit.
616 803 713 869 Curio
736 804 840 868 Dacia
857 814 949 869 tenus
966 809 1066 890 venit,

24 954 27 961 .
63 887 122 951 sed
144 885 295 950 tenebras
314 887 452 950 saltuum
469 889 611 972 expavit.
639 888 765 973 Appius
781 890 816 952 in
834 887 995 952 Sarmatas
1014 912 1066 954 us-

10 977 27 1016 ῑ
63 972 313 1057 que-pervenit,
340 970 495 1035 Lucullus
518 971 561 1035 ad
581 974 753 1035 terminum
777 974 920 1056 gentium
941 972 1067 1037 Tanain

10 1061 26 1099 fl
62 1054 235 1139 lacumque
270 1054 433 1118 Maeotim.
472 1075 533 1117 nec
562 1055 656 1118 aliter
687 1057 902 1119 cruentissimi
927 1057 1092 1121 hostium7

10 1143 55 1202 Ι11
84 1158 164 1200 uam
190 1137 427 1202 suismoribus
456 1136 578 1201 domiti.
620 1139 737 1224 quipe
764 1141 799 1202 in
826 1136 977 1224 captivos
997 1141 1067 1224 igni
1103 1136 1109 1147 ’

10 1226 21 1265 ¹
61 1160 217 1307 domoque
238 1222 397 1285 saevitum
419 1226 482 1303 est3
505 1222 565 1285 sed
584 1162 834 1293 nihilearbaris
858 1224 998 1289 atrocius
1019 1225 1067 1288 vi·

10 1309 18 1345 ἲ
62 1322 136 1369 snm
165 1313 214 1367 est
242 1325 339 1390 quam
367 1304 453 1389 quod
481 1303 618 1368 abscisis
643 1305 792 1370 manibus
819 1307 925 1372 relicti
954 1309 1067 1372 vivere
1107 1376 1110 1381 ,

10 1392 13 1452 Ξ
62 1388 256 1474 superstites
280 1408 403 1474 poenae
426 1409 503 1452 suae
526 1387 730 1460 iubebantur.
860 1387 866 1400 '

224 1518 296 1586 111.
323 1519 508 1587 annuum
527 1520 910 1607 munemundus.
1012 1494 1016 1505 '

24 1656 52 1703 11
136 1638 422 1723 Ponticaegcntes
440 1661 459 1702 a
477 1640 693 1724 septentrione
709 1640 744 1702 in
759 1640 923 1702 sinistrum
937 1639 1051 1722 iacent,
1058 1647 1135 1726 111,5

61 1742 84 1787 a
108 1721 245 1787 Pontico
273 1725 518 1806 cognominatae
545 1725 637 1789 mari.
672 1723 786 1786 harum
806 1723 951 1808 gentium
973 1730 1069 1810 atque

60 1807 235 1890 regionum
261 1827 322 1870 rex
346 1808 587 1905 antiquissimus
615 1809 749 1888 Aeetas,
777 1815 852 1906 post
878 1805 1068 1890 Artabazes,

61 1911 82 1954 a
105 1897 229 1975 septem
250 1889 360 1959 Persis
383 1891 553 1973 oriundus,
582 1891 659 1954 inde
680 1891 901 1971 Mithndates,
928 1892 1069 1954 omnium

36 1973 163 2057 longe
184 1973 354 2037 maximus.
388 1975 464 2059 quip
489 1996 506 2037 e
530 1996 602 2038 eum
624 1984 773 2075 quattuor
797 1974 938 2060 Pyrrho,
962 1974 1094 2038 trede2

22 2057 130 2126 accim
147 2057 224 2137 anni
241 2056 398 2121 Annibali
416 1997 615 2140 sullecerint,
639 2058 695 2122 rlle
734 2080 769 2121 er
807 2058 999 2141 uadraginta
1015 2078 1069 2120 an·

61 2161 125 2205 nos
153 2140 284 2221 restitit,
317 2140 419 2204 donec
448 2139 552 2204 tribus
582 2144 616 2204 in
641 2081 767 2206 entibus
786 2081 892 2204 bellis
917 2140 1069 2203 subactus

45 2223 222 2288 fatuitate
244 2222 368 2306 Sullae,
389 2225 510 2289 virtute
530 2163 673 2304 Luculli,
696 2245 749 2286 ma
794 2223 919 2286 itudine
935 2223 1070 2308 Pompei

63 2315 317 2389 consumeretur.
349 2328 478 2372 causam
498 2307 628 2395 quidem
644 2306 731 2370 illius
773 2306 827 2369 elli
843 2306 1094 2390 praetendente

62 2398 145 2477 aput
167 2389 314 2455 Cassium
337 2391 494 2475 legatum,
521 2390 694 2455 adtrectari
715 2391 868 2453 terminos
884 2409 959 2453 suos
977 2411 996 2452 a
1011 2389 1068 2452 Ni-

27 2474 199 2541 acomede
232 2474 391 2559 Bithyn03
426 2483 568 2538 ceterum
600 2475 703 2538 elatus
734 2475 850 2537 animis
883 2472 1069 2557 ingentibus

61 2558 166 2623 Asiae
182 2559 285 2622 totius
307 2567 352 2640 et,
382 2560 410 2623 si
431 2567 555 2643 posset,
585 2559 736 2642 Europae
759 2558 933 2656 cupiditate
954 2556 1069 2642 flagra-

60 2642 130 2707 bat.
155 2662 244 2726 spem
260 2664 297 2705 ac
315 2641 467 2706 fiduciam
484 2641 605 2706 dabant
623 2650 734 2706 nostra
749 2643 839 2705 vitra.
863 2642 980 2739 quippe
998 2661 1096 2707 cuma

61 2723 217 2790 civilibus
238 2724 333 2788 bellis
360 2726 642 2810 distringeremur,
663 2725 823 2791 invitabat
846 2745 986 2804 occasrc,
1012 2744 1069 2786 nu-

62 2809 207 2894 dumque
222 2808 305 2872 latus
320 2810 447 2894 imperii
462 2809 676 2873 ostendebant
689 2809 801 2894 procul
815 2809 953 2887 Marius,
971 2805 1069 2887 Sulla,

28 2891 239 2962 scSertorius.
271 2894 356 2956 inter
381 2891 461 2956 haec
485 2895 533 2956 rei
555 2892 704 2978 publicae
724 2891 862 2956 vulnera
888 2900 920 2954 et
941 2890 999 2952 hos
1020 2897 1094 2958 tus

10 3022 12 3027 -
61 2975 185 3039 multus
207 2986 339 3062 repente
362 2978 454 3063 quasi
478 2986 604 3062 captato
626 2986 770 3062 tempore
794 2977 828 3038 in
849 2975 952 3038 lassos
976 2970 1070 3034 simul

62 3070 97 3124 at
119 3082 162 3123 ue
191 3060 355 3124 districtos
385 3060 508 3124 subitus
530 3059 624 3125 turbo
645 3061 773 3125 Pontici
794 3058 873 3123 belli
895 3056 936 3119 ab
957 3054 1071 3118 ultima

62 3082 169 3209 veluti
192 3144 324 3229 specula
343 3146 570 3228 septentrionis
594 3167 651 3208 cru
674 3145 709 3207 it.

150 3227 279 3291 Primus
295 3228 401 3290 statim
415 3228 552 3312 impetus
562 3227 641 3291 belli
650 3166 839 3311 llithyniam
849 3226 971 3311 rapuit,
988 3223 1095 3288 Asiae

29 3310 143 3375 ainde
184 3312 233 3374 ari
248 3320 373 3375 terrore
391 3321 539 3396 correpta
557 3321 620 3393 est,
638 3328 698 3374 nec
710 3316 896 3373 cunctanter
907 3309 950 3372 ad
960 3328 1071 3392 regem

63 3394 107 3458 ab
125 3333 262 3459 urbibus
282 3394 400 3459 nostris
418 3394 609 3481 populisque
626 3394 781 3458 descitum
794 3399 856 3455 est.
879 3392 1005 3472 aderat,
1022 3391 1096 3454 in·7

64 3478 190 3562 stabat,
214 3479 350 3543 saevitia
371 3479 464 3564 quasi
482 3480 602 3543 virtute
617 3477 777 3543 utebatur.
799 3496 877 3540 nam
893 3476 978 3563 quid
988 3481 1075 3535 atro-
