2356 3818
130 197 171 259 56
481 206 586 256 raom
602 206 767 255 armona.

88 373 122 443 27
215 359 325 425 (incus
346 360 474 423 interim
494 361 632 458 Magnus
651 357 782 423 rebellis
797 359 896 422 Asiae
911 359 1073 445 reliquias
1090 383 1134 427 se

130 465 230 531 quens
249 457 309 541 per
325 443 454 507 diversa
469 453 612 528 genuum
627 452 845 528 terrarumque
860 442 1032 508 volitabat.
1062 466 1135 508 nam

130 527 189 591 sub
211 535 365 590 ementem
381 536 507 591 secutus
522 526 706 607 Armenios,
730 536 842 610 captae
858 527 964 609 gentis
974 537 1134 615 satrapen

89 607 121 659 28
131 611 307 696 supplicem
331 612 425 675 iussit
444 631 580 694 regnare
601 607 774 692 Tigranen.
805 619 838 672 at
858 612 893 673 in
913 614 1133 696 septentrione

132 694 315 780 Scythicum
335 696 398 760 iter
411 704 572 778 tamquam
585 692 620 755 in
632 693 713 758 mari
729 692 829 756 stellis
846 703 972 758 secutus
991 694 1144 760 Colonen

131 779 261 859 cecidit,
283 779 409 862 ignovit
424 776 592 857 Hiberiae,
610 777 755 863 pepercit
764 775 912 841 Albanis.
935 800 1050 863 regem
1063 778 1131 846 Col·

131 863 263 927 chorum
278 861 441 942 Orhozen,
463 860 577 944 positis
601 859 661 923 sub
681 861 752 944 ipso
770 859 915 925 Caucaso
938 865 1056 926 castris
1072 865 1130 927 ius·

131 946 173 1010 sit
193 947 228 1009 in
246 944 343 1028 plana
362 943 572 1025 descendere,
595 953 629 1006 at
645 944 824 1025 Arthoeen,
847 947 902 1031 qui
920 945 1056 1010 Hiberis
1078 949 1129 1010 im·

130 1028 279 1116 perabat,
305 1027 432 1093 obsides
453 1026 572 1091 liberos
594 1028 687 1108 dare,
712 1027 857 1092 Horolen
874 1030 969 1093 etiam
984 1052 1152 1095 munera.

129 1114 192 1193 vit,
222 1111 305 1175 ultro
322 1111 363 1175 ab
386 1109 527 1175 Albania
548 1133 607 1175 sua
627 1111 745 1175 lectum
766 1134 899 1176 aureum
915 1122 947 1176 et
965 1114 1032 1176 alia
1047 1114 1147 1179 donau
1167 1152 1172 1183 r

89 1197 318 1259 29mittentem.
352 1216 412 1259 nec
437 1217 502 1259 non
526 1197 561 1258 in
581 1196 748 1260 meridiem
767 1217 862 1260 verso
883 1197 1013 1285 agmine
1034 1197 1127 1263 Liba

131 1300 208 1347 num
224 1276 337 1362 Syriae
352 1278 610 1365 Damascumque
623 1289 843 1364 transgressus
857 1302 916 1365 per
929 1302 1064 1345 nemora
1078 1282 1128 1345 illa

132 1361 357 1446 odorata,per
375 1364 454 1426 turis
477 1372 508 1426 et
526 1362 664 1427 balsami
682 1363 780 1427 silvas
797 1364 941 1429 Romana
958 1365 1054 1448 signa
1074 1366 1127 1429 cir·

131 1444 287 1509 cumtulit.
325 1446 465 1528 Arabes,
499 1449 526 1510 si
552 1448 630 1534 quid
657 1448 844 1532 imperaret,
871 1456 1000 1546 praesto
1029 1448 1127 1513 fuere.

89 1535 123 1587 30
131 1527 357 1615 Hierosolyma
371 1531 544 1598 defendere
559 1540 756 1616 temptavere
771 1532 900 1614 Iudae13
922 1553 1036 1596 verum
1050 1532 1146 1596 haece
1169 1563 1172 1597 :

132 1633 258 1699 quoque
284 1624 316 1678 et
341 1616 474 1679 intravit
496 1625 527 1679 et
547 1615 631 1678 vidit
650 1615 731 1678 illud
751 1615 874 1713 grande
895 1617 1003 1700 inpiae
1024 1616 1127 1699 gentis

131 1717 284 1760 areanum
302 1708 430 1784 patens,
451 1696 511 1761 sub
533 1719 630 1760 aurea
649 1698 715 1760 vite
738 1698 856 1761 c1llum.
886 1698 1128 1764 dissidentibus·

153 1801 194 1844 ue
224 1781 264 1845 de
295 1803 395 1867 regno
421 1779 573 1844 fratribus
597 1779 717 1843 arbiter
744 1781 848 1844 factus
874 1804 1011 1864 regnare
1039 1783 1128 1847 iussit

166 1886 345 1949 yrcanump
369 1861 603 1942 Aristobolum,
637 1863 712 1946 quia
743 1862 920 1925 renovabat
951 1866 1128 1948 imperium,

91 1954 121 2006 31
132 1947 167 2009 in
188 1958 316 2012 catenas
334 1947 435 2010 dedit.
461 1945 515 2006 'sia
535 1944 688 2028 Pompeio
708 1945 790 2007 duce
810 1945 946 2029 populus
964 1947 1148 2015 Romanusa

133 2039 246 2114 totam,
279 2049 342 2115 qua
374 2027 530 2090 latissima
556 2034 618 2106 est,
649 2027 761 2090 Asiam
791 2037 1002 2114 pervagatus,
1059 2055 1129 2098 unm

92 2109 99 2123 ⁸
134 2123 309 2179 extremam
331 2111 458 2194 imperii
485 2108 624 2174 habebat
647 2112 849 2210 provinciam
876 2112 1015 2175 mediam
1037 2055 1128 2181 lecit.

134 2198 276 2282 exceptis
298 2193 352 2279 qui
375 2215 416 2278 pe
432 2192 575 2277 Parthis,
601 2218 657 2281 qm
676 2195 790 2261 foedus
811 2196 1006 2276 maluerunt,
1034 2208 1068 2262 et
1082 2199 1129 2263 In·

134 2280 199 2361 dis,
228 2278 283 2363 qui
307 2215 412 2343 adduc
438 2301 497 2345 nos
523 2301 583 2343 nee
610 2289 782 2363 noverant,
815 2281 917 2345 omnis
938 2280 1024 2343 ‘Asia
1049 2282 1159 2349 inter'

133 2362 265 2427 rubrum
281 2369 313 2422 et
330 2359 482 2447 Caspium
497 2363 707 2439 etOeeanum
721 2363 926 2449 Pompeianis
942 2363 1065 2429 domita
1079 2364 1151 2432 vela

135 2463 286 2530 oppressa
305 2445 405 2528 sigms
427 2445 604 2510 tenebatur.

327 2577 432 2642 XLI.
455 2578 639 2643 BELLVM
659 2578 918 2645 PIRATICVM.

65 2697 144 2777 111,6
217 2692 351 2758 Interim
365 2714 444 2759 ‘eum
464 2695 601 2781 populus
626 2696 788 2760 Romanus
809 2720 867 2783 per
887 2699 1016 2763 diversa
1031 2708 1129 2764 terra

133 2799 205 2842 rum
219 2776 381 2842 districtus
397 2789 459 2862 est,
483 2778 600 2844 Cilices
615 2780 802 2844 invaserant
814 2783 916 2846 maria
931 2764 1129 2871 sublatisque

134 2862 346 2945 commerciis,
370 2873 466 2949 rupto
487 2863 616 2930 foedere
664 2865 768 2929 eneris
788 2865 934 2947 humani,
961 2868 1007 2930 sic
1028 2867 1153 2932 marian

109 2945 219 3012 abello
236 2947 328 3046 quasi
341 2956 529 3032 tempestate
564 2887 791 3012 raecduserant.
814 2950 981 3014 audaciam
994 2951 1128 3048 perditis

134 3030 328 3117 laricemque
342 3030 519 3095 latronibus
534 2970 631 3095 dabat
646 3033 789 3118 inquieta
802 3033 1027 3098 Mithridation
1039 3040 1128 3119 proe-

134 3112 187 3176 liis
207 3115 303 3196 Asia,
327 3115 403 3197 dum
421 3114 483 3187 sub
503 3113 600 3178 alieni
616 3113 694 3179 belli
708 3115 847 3180 tumultu
862 3118 1028 3203 exterique
1043 3118 1128 3202 regis

109 3196 261 3261 tiuvidia
288 3200 408 3285 inpune
434 3207 632 3284 grassantur.
672 3219 710 3262 ac
733 3201 871 3284 primum
897 3202 978 3265 duce
1003 3201 1127 3265 Isidem

135 3283 275 3344 contenti
294 3283 441 3367 proximo
461 3283 542 3347 mari
563 3280 691 3346 Cretam
710 3283 795 3347 inter
814 3285 856 3357 ad
879 3306 919 3348 ue
935 3282 1080 3368 Cyrenas
1097 3291 1155 3347 ets

135 3362 291 3427 Achaiam
303 3366 470 3452 sinumque
481 3365 635 3447 Maleum,
653 3367 739 3451 quod
749 3367 790 3431 ab
802 3307 912 3452 spollis
924 3388 1057 3431 aureum
1066 3366 1129 3464 ipsi

109 3466 308 3531 avocavere,
334 3448 628 3514 latrocinabantur.·
648 3450 829 3536 missusque
853 3452 888 3514 in
914 3470 968 3514 eos
994 3450 1127 3515 Pubhua
