2348 3818
90 176 94 181 Ι
122 210 158 273 18
427 168 434 188 x
477 217 757 267 rncmnrrroam.

121 397 171 442 ses
189 373 310 454 vident,
332 380 428 458 atque
447 370 572 434 hostem
588 369 651 431 rati
670 369 817 448 emicant,
840 367 910 429 sinc
928 366 1114 431 discrimine

96 457 284 534 5insultant.
311 457 366 542 qui
377 455 461 518 enim
475 453 627 517 aut-unde
639 452 800 515 Romani?
814 471 875 513 nec
889 452 980 513 satis.
1005 450 1113 515 aderat

121 545 189 607 sine
199 561 288 604 mora
305 536 480 626 querellam
496 538 614 682 ferenpi
620 535 750 620 legatio.
766 534 863 680 'hanlic
880 555 1008 680 quoqule
1022 533 1117 599 foede-

94 623 1129 789 6liddbdlleulinamstddbbnpdddtnslldlrrcibllllnllldudrllolldirlrlllbdtr

118 791 186 879 puli
220 812 256 855 ro
272 789 455 853 Tarentinis
471 796 701 869 consurgerent
718 785 930 871 omnibusque
943 784 1108 849 vehemen-

117 879 181 941 tior
196 814 351 960 lymbus,
375 872 430 957 qui
450 872 529 934 semi
570 890 681 932 aecam
697 892 739 933 ex
755 868 1032 933 Lacedaemoniis¹
1042 890 1108 933 con·

119 959 275 1031 ditoribus
290 957 453 1019 civitatem
467 955 525 1017 vin
549 955 689 1016 ‘caturus
700 975 773 1016 cum
786 954 863 1019 totis
874 950 1001 1015 viribus
1012 951 1108 1038 Epiri,

120 1036 315 1119 Thessaliae,
330 1037 540 1103 Macedoniae
555 1038 792 1135 incognitisque
810 1039 845 1098 in
862 1035 897 1098 id
911 1043 1037 1120 tempus
1052 1035 1108 1101 cle

117 1126 246 1211 phantis
262 1125 344 1186 mari
357 1131 454 1204 terra,
473 1122 553 1185 viris
570 1142 661 1207 equis
672 1142 780 1201 armrs,
792 1119 903 1184 addito
917 1120 1050 1205 insuper
1067 1119 1132 1189 lea

93 1231 226 1278 ararum
249 1215 371 1271 terrore
395 1204 556 1269 veniebat.
595 1212 672 1288 aput
698 1202 891 1268 Heracleam
920 1202 1110 1289 Campaniae

70 1298 74 1305 '
117 1292 312 1375 fluviumque
329 1289 432 1352 Lirim
447 1289 594 1353 Laevino
612 1287 743 1351 consule
763 1288 869 1372 prima
888 1307 1015 1372 pugna,

117 1385 183 1439 tam
199 1383 294 1438 atrox
307 1373 369 1437 fuit
388 1381 424 1436 ut
440 1373 663 1437 Ferentaneae
679 1380 803 1437 turmae
823 1370 1050 1456 praefectusO
1073 1370 1110 1433 si-

119 1458 199 1540 dius,
211 1440 358 1521 inv'ectus
369 1456 405 1531 in
415 1478 535 1542 regem,
552 1453 732 1519 turbaverit
747 1455 951 1540 coegeritque
959 1454 1110 1601 proiectis

93 1540 300 1627 8insignibus
310 1540 433 1627 proelio
445 1540 614 1605 excedere.
648 1548 756 1603 actum
766 1546 844 1618 erat,
862 1538 926 1601 nisi
940 1560 957 1601 e
972 1537 1132 1624 aphamia

117 1647 272 1692 converso
284 1626 345 1688 ins
370 1624 549 1689 ectaculum
559 1621 656 1704 bello,
674 1622 962 1713 procucurrissent,
980 1642 1109 1720 quorum

117 1732 189 1773 cum
199 1709 344 1792 magnitu
369 1710 419 1773 ‘ne
430 1719 498 1773 tum
510 1706 713 1773 deformitate
725 1715 757 1769 et
767 1726 852 1769 novo
864 1704 963 1770 odore
976 1704 1110 1769 srmulaa

118 1792 254 1856 stridore
270 1792 465 1857 consternati
476 1793 558 1876 equi,
571 1811 644 1853 cum
654 1790 835 1873 incognitas
851 1787 914 1852 sibi
925 1787 1039 1853 beluas
1051 1810 1109 1852 am·

138 1874 200 1937 lius
219 1895 315 1959 quam
330 1883 420 1937 erant
435 1895 489 1936 sus
513 1875 684 1953 icarentur,
707 1871 819 1956 fugam
834 1881 881 1937 etr
925 1894 977 1935 em
998 1895 1040 1937 ue
1051 1872 1109 1935 late

90 1898 284 2022 edederunt.
301 1958 376 2020 inA
397 1956 465 2019 ulia
499 1954 593 2020 einde
606 1965 683 2040 aput
693 1955 910 2021 Asculumme
924 1957 974 2019 ius
1010 1957 1017 1971 '
1056 1959 1132 2021 'aad

116 2049 245 2105 tumeat
258 2038 355 2104 Curio
367 1979 581 2125 {ebriamque
592 2038 787 2103 consulibus.
807 2040 872 2103 iam
882 2040 1001 2126 quippe
1012 2049 1121 2104 terror'

116 2124 283 2188 beluarum
296 2123 491 2205 exoleverat,
505 2133 536 2186 et
544 2123 645 2187 Gaius
652 2122 820 2187 Numicius
833 2131 965 2210 quartae
976 2122 1109 2208 legionis

117 2209 261 2272 hastatus
277 2208 372 2272 unius
384 2206 576 2294 proboscide
591 2206 719 2270 abscisa
735 2208 817 2289 mori
826 2227 922 2292 posse
936 2205 1051 2270 beluas
1062 2227 1108 2279 ,os-

77 2299 108 2352 10
116 2292 272 2357 tenderat.
300 2293 408 2379 itaque
419 2294 454 2355 in
465 2293 553 2437 iplsas
560 2291 632 2390 pila
646 2300 799 2375 congesta
812 2300 894 2371 sunt,
913 2299 945 2354 et
959 2292 994 2354 ln
1008 2300 1107 2355 tiu-res

116 2376 261 2440 vibratae
286 2374 374 2439 faces
394 2385 463 2440 tota
508 2384 624 2439 ostrum
645 2376 775 2458 agmina
799 2373 987 2449 ardentibus
1010 2374 1132 2439 ruinisa

112 2464 319 2543 operuerunt,
330 2480 391 2521 nec
401 2460 490 2543 prius
503 2458 589 2521 eladi
599 2458 673 2521 finis
685 2458 854 2544 fuitquam
865 2479 932 2522 nox
939 2458 1106 2537 dirimeret,

116 2549 360 2625 postremusque
379 2541 573 2623 fugientium
589 2562 650 2603 rex
669 2542 680 2603 i
704 2564 738 2604 se
754 2563 771 2603 a
794 2540 988 2606 satellitibus
1004 2530 1125 2606 umero*

76 2621 107 2673 11
118 2625 245 2687 saucius
252 2624 391 2686 inarmis
399 2624 465 2687 suis
473 2623 658 2688 referretur.
673 2564 836 2688 llueaniae
850 2647 999 2710 suprema
1005 2642 1107 2711 pugna

116 2706 178 2769 fuit
188 2707 339 2770 Arusinis
351 2729 430 2792 quos
442 2716 559 2771 vocant
570 2710 701 2794 campis,
721 2708 857 2773 ducibus
872 2708 977 2773 isdem
1017 2708 1109 2773 uibus

117 2790 279 2875 superius,
304 2790 363 2854 sed
377 2799 446 2854 tum
463 2800 531 2856 tota
548 2794 693 2857 victoria.
732 2793 854 2856 exitum
859 2839 868 2873 ,
886 2814 982 2891 quem
995 2733 1132 2858 daturas

76 2875 220 2939 lavirtus
232 2872 302 2954 fuit,
321 2895 414 2937 casus
427 2873 525 2939 dedit.
552 2898 627 2940 nam
637 2877 799 2961 provectis
816 2877 851 2939 in
885 2897 999 2940 rimam
1011 2878 1107 2949 aciem

115 2979 227 3023 rrrrsus
245 2955 438 3042 elephantis,
463 2980 563 3023 unum
580 2982 622 3024 ex
640 2960 686 3023 eis
703 2958 827 3043 pullum
842 2899 950 3023 adacti
964 2961 999 3023 in
1018 2964 1107 3047 caput

115 3042 172 3105 teli
182 3042 293 3125 gravis
304 3043 387 3104 ictus
399 3043 531 3124 avertit3
542 3045 597 3129 qui
609 3062 681 3105 cum
694 3064 753 3126 per
764 3051 906 3128 stragem
921 3065 1052 3109 suorum
1063 3062 1106 3107 re

116 3146 247 3189 currens
260 3124 396 3190 stridore
408 3137 603 3211 quereretur,
620 3134 723 3188 mater
740 3129 874 3210 agnovit
889 3135 920 3190 et
935 3130 1029 3213 quasi
1043 3128 1106 3193 vin·

118 3207 239 3271 dicaret
250 3208 371 3291 exiluit,
383 3216 452 3272 tum
462 3211 568 3272 omnia
580 3210 666 3275 circa
677 3211 769 3295 quasi
780 3209 909 3277 hostilia
922 3213 1018 3296 gravi
1028 3206 1132 3277 moles!

75 3285 108 3337 ¹3
117 3292 312 3376 permiscuit.
335 3312 373 3355 ac
385 3293 434 3357 sic
445 3292 577 3355 eaedem
589 3292 687 3374 ferae,
701 3315 782 3379 quae
795 3296 932 3379 primam
943 3296 1106 3363 victoriam

117 3372 327 3455 abstulerunt,
342 3375 514 3441 secundam
526 3396 637 3461 parem
648 3376 804 3460 fecemmt,
814 3378 944 3441 tertiam
956 3380 1027 3444 sine
1038 3397 1105 3443 con·

115 3458 272 3523 troversia
277 3458 489 3525 tradiderunt.
504 3480 566 3525 nec
576 3481 653 3526 vero
664 3469 789 3525 tantum
799 3461 897 3525 armis
910 3463 1106 3548 etinoampo,
