2356 3818
134 178 175 240 42
489 188 595 243 raom
612 191 777 242 aaaron.

92 352 209 406 lencm
224 339 378 405 condidit.
412 351 533 428 quanta
550 344 628 408 urbs
645 342 754 407 deleta
771 344 826 425 sit,
842 350 879 407 ut
895 343 936 407 de
955 348 1113 412 ceteristr

134 445 233 506 ceam,
245 423 285 488 de
296 424 382 510 ignis
392 448 483 491 mora
492 426 623 513 probari
633 435 749 511 potest.
762 428 879 513 quippe
890 449 949 512 per
960 431 1113 496 continu<

134 508 245 572 decem
256 515 288 571 et
298 517 422 594 septem
433 510 501 575 dies
513 512 572 575 vix
580 511 685 596 potuit
694 510 880 575 incendium
889 512 1113 600 extinguique

134 591 282 656 domibus
299 613 337 655 ao
353 594 482 679 templis
500 596 566 657 suis
591 601 704 678 sponte
722 593 831 679 hostes
853 595 1064 679 inmiserant3
1092 621 1114 663 ιι

133 683 290 824 quptenus
310 675 388 741 urbs
412 677 493 761 eripi
519 676 673 740 Romanis
693 676 760 743 non
779 685 919 763 poterat,
946 679 1113 766 triumphu

132 776 169 823 ar
192 767 285 824 eret..

324 858 473 923 XXXII.
495 858 679 924 BELLVM
689 857 939 924 ACHAICVM.
970 923 972 927 ,

65 959 149 1040 11,16
218 955 319 1036 Quasi
331 956 494 1020 saeculum
503 956 586 1021 illud
597 955 819 1021 eversionibus
835 956 964 1022 urbium
975 979 1112 1026 currere

134 1039 340 1123 Carthaginis
356 1039 483 1102 ruinam
505 1042 613 1104 statim
630 1039 804 1120 Corinthus
822 1042 962 1125 excepit,
983 1044 1113 1109 Achaia

133 1130 243 1207 caput,
261 1121 418 1186 Graeciae
435 1122 548 1205 decus,
566 1127 651 1188 inter
668 1124 731 1188 duo
747 1124 867 1206 maria,
885 1124 1014 1189 Ionium
1027 1137 1059 1192 et
1069 1133 1113 1193 Α(

133 1226 264 1289 gaeum,
278 1205 370 1290 quasi
382 1209 564 1290 spectaculo
578 1209 734 1292 exposita
762 1205 843 1270 haec
852 1242 895 1257 -—
905 1208 1034 1274 facinus
1048 1214 1113 1277 ind

134 1308 233 1371 gnum
244 1325 287 1338 —
297 1296 371 1351 ante
383 1310 537 1374 oppressa
549 1299 597 1353 est
609 1312 704 1377 quarn
715 1291 750 1353 in
759 1312 892 1354 numero
904 1301 1071 1359 certorum
1078 1297 1113 1361 h<

108 1372 230 1435 estium
246 1371 431 1436 referretur.
461 1373 623 1438 Critolaus
643 1395 741 1438 causa
757 1373 851 1456 belli',
869 1377 925 1460 qui
942 1375 1099 1444 libertate

132 1453 285 1520 Romanis
303 1456 378 1520 data
389 1457 543 1522 adversus
556 1459 643 1543 ipsos
654 1479 732 1522 usus
750 1466 798 1522 est
814 1457 1001 1545 legatosque
1014 1462 1113 1528 Roma

108 1553 205 1622 snos,
226 1539 359 1604 dubium
370 1562 411 1604 an
423 1549 576 1624 etmanu,
596 1551 681 1606 certe
698 1543 842 1607 oratione
859 1542 1005 1607 violavit.
1029 1547 1114 1630 igitu

97 1626 101 1637 '
132 1623 264 1689 Metello
283 1624 444 1691 ordinanti
457 1648 529 1690 oum
540 1626 679 1690 maxime
691 1625 901 1690 Macedoniae
916 1637 1026 1691 statum
1042 1653 1113 1693 man

132 1715 208 1772 data
220 1718 269 1771 est
279 1707 377 1789 ultio3
391 1717 422 1771 et
434 1709 509 1772 hInc
519 1709 697 1772 Achaicum
709 1708 839 1772 bellum.
863 1730 901 1771 ac
911 1710 1053 1808 primum
1063 1714 1113 1778 Cri

132 1790 212 1853 tolai
227 1791 357 1854 manum
367 1790 517 1856 Metellus
529 1791 642 1854 consul
652 1813 711 1874 per
720 1793 859 1876 patentis
872 1791 986 1857 Ehdos
999 1817 1113 1882 campo

107 1880 199 1936 4toto
211 1872 327 1935 cecidit
338 1873 468 1955 Alphio.
484 1881 514 1935 et
524 1894 588 1936 uno
600 1873 723 1956 proeho
757 1881 898 1936 erectum
911 1885 980 1938 erat
990 1877 1113 1943 bellum

133 1956 198 2017 iam
215 1955 301 2017 enim
316 1954 429 2017 urbem
445 1956 548 2039 ipsam
558 1954 700 2018 terrebat
714 1895 855 2035 obsidi03
877 1958 987 2021 sed—
999 1961 1072 2025 fata
1082 1986 1113 2027 re

131 2059 204 2102 rum
215 2073 259 2084 -
269 2057 341 2099 cum
348 2036 496 2122 Metellus
511 2038 710 2120 dimicasset,
722 2039 764 2104 ad
774 2039 942 2102 victoriam
952 2041 1113 2109 Mummio

107 2116 316 2190 sintervenit.
345 2120 399 2185 hie
416 2120 548 2187 alterius
562 2121 652 2186 ducis
665 2122 762 2187 Diaei
776 2123 953 2187 exercitum
972 2125 1033 2188 sub
1051 2130 1113 2214 ipsi

132 2204 248 2270 Isthmi
260 2205 407 2270 faucibus
425 2205 510 2271 fudit
527 2209 736 2295 geminosque
747 2216 859 2293 portus
876 2208 1034 2291 sanguine
1049 2213 1113 2275 infe

132 2291 187 2354 cit.
199 2298 268 2354 tum
279 2287 320 2355 ab
326 2291 441 2355 ineolis
455 2291 582 2355 deserta
591 2292 705 2356 civitas
717 2292 995 2392 direptaprimnm,
1011 2294 1113 2359 deind<

107 2373 210 2440 fituba
228 2377 434 2458 praecinente
455 2375 560 2438 deleta
577 2384 635 2438 est.
670 2375 748 2461 quid
767 2397 945 2459 ergnorum,
971 2377 1051 2461 quid
1073 2400 1112 2442 ve

133 2457 231 2519 stium
255 2456 374 2540 quidve
402 2457 583 2521 tabularum
609 2467 737 2543 raptum
768 2460 998 2546 incensumque
1022 2462 1113 2547 adqn

154 2539 309 2601 reiectum
327 2540 390 2601 est!
429 2548 544 2603 nantas
563 2562 581 2603 o
605 2563 639 2603 es
659 2549 689 2603 et
706 2540 876 2604 abstulerit
893 2551 925 2604 et
937 2545 1113 2608 cremaveri

131 2560 208 2684 hinc
227 2621 325 2703 scias,
343 2562 430 2720 quod
447 2563 603 2722 quidquid
616 2622 776 2688 Corinthii
792 2624 876 2687 aeris
892 2635 959 2690 toto
972 2625 1051 2691 orbe
1062 2627 1113 2690 lau

109 2704 229 2773 udatur
239 2704 388 2774 incendro
401 2705 598 2790 superfursse
607 2708 829 2805 comperimus.
849 2730 924 2771 nam
936 2718 966 2772 et
977 2712 1062 2774 aeris
1073 2733 1113 2775 no

131 2796 199 2852 tam
213 2788 437 2886 pretiosiorem
454 2791 525 2889 ipsa
543 2790 804 2874 opulentrssimae
823 2791 916 2879 urbis
929 2792 1006 2856 fecit
1022 2796 1113 2858 ruina

133 2873 210 2960 quia
219 2871 368 2937 rncendio
378 2876 546 2957 permixtis
555 2874 701 2961 plurimis
714 2876 827 2937 statuis
839 2884 934 2961 atque
946 2877 1113 2943 simulacri

133 2959 217 3022 aeris
229 2957 300 3020 auri
311 2958 499 3043 argentique
514 2980 616 3022 venae
626 2959 661 3020 in
673 2976 839 3023 commune
850 2959 1024 3024 fluxerunt.

217 3073 401 3163 XXXIII.
430 3072 514 3140 RES
534 3075 583 3139 IN
603 3070 818 3140 HISPANIA
839 3075 1030 3141 &aaran

66 3174 103 3253 11',
113 3174 150 3234 17
220 3174 266 3238 Vt
277 3158 504 3258 Carthaginem
517 3157 713 3254 Corinthus,
723 3173 769 3236 ita
781 3172 970 3239 Corinthum
985 3175 1112 3241 Numan

133 3256 306 3320 tia-secuta
318 3265 388 3339 est;
406 3279 466 3320 nec
483 3257 598 3320 deinde
616 3255 693 3320 orbe
703 3264 770 3321 toto
788 3260 861 3344 quic
883 3279 958 3321 uam
969 3260 1113 3325 intactun

110 3339 232 3408 sarmis
244 3338 314 3403 fuit.
336 3349 410 3425 post
421 3339 552 3405 illa'duo
564 3339 814 3404 clarissimarum
831 3281 959 3404 urbium
976 3343 1113 3407 incendia

135 3421 199 3486 late
212 3430 308 3508 atquc
322 3424 456 3507 passm,
470 3445 530 3489 nec
539 3444 597 3510 per
610 3425 712 3505 vices,
724 3424 782 3488 sed
795 3424 889 3489 simul
899 3427 1020 3510 pariter
1034 3448 1111 3514 quas
