2356 3818
303 233 667 323 1‚22-24[11‚a-s].
697 227 702 235 ·
948 240 987 302 as

28 399 217 466 ctoriafuit·
245 419 319 462 nam
360 409 449 464 ostea
466 423 639 487 numquam
656 422 754 466 ausus
766 400 919 487 congredi
929 425 989 468 rex

28 485 37 549 l
54 482 206 565 tumulos,
224 502 304 568 quos
338 482 567 568 ·ynoocphalas
585 494 711 566 vocant,
733 507 797 551 uno
815 507 853 550 ao
870 508 912 559 ne
928 486 990 551 hoc
1103 533 1107 545 .

28 567 128 639 iidem
145 568 230 631 iusto
247 564 370 651 proelio
389 567 587 652 opprimitur.
619 577 650 631 et
664 567 713 632 illi
730 569 859 655 quidem
877 569 988 635 oonsul
1001 577 1032 629 la

28 672 108 715 soem
126 649 216 713 dedit
236 669 371 733 regnum
393 672 434 733 ue
455 652 621 732 concessit,
644 673 729 734 mox,
751 673 791 715 ne
829 652 887 716 uid
904 661 989 716 esset

28 733 123 816 ostile,
140 731 268 796 Thebas
286 741 318 795 et
334 731 386 795 Eu
410 754 501 797 osam
519 743 551 796 et
567 744 768 826 grassantem
786 736 824 799 su
861 734 988 798 Nabide

28 837 134 880 ranno
146 837 205 880 suo
222 825 253 878 et
263 815 508 886 Lacedaemona
519 819 715 901 conpescuit,
745 813 900 882 Graeciae
911 839 989 883 vero
1003 833 1036 884 13

28 909 137 964 alerem
148 907 267 963 statum
276 896 426 979 reddidit,
443 907 480 962 ut
491 897 618 982 legibus
637 902 763 965 viveret
779 901 846 964 suis
859 909 892 963 et
902 901 990 963 avita

28 982 144 1047 bertate
166 982 337 1045 frueretur.
370 1002 451 1067 quae
473 981 610 1065 gaudia,
658 1005 722 1047 uae
742 983 989 1066 vociferationes
1002 999 1036 1066 14

28 1074 134 1147 rerunt,
154 1086 228 1129 oum
244 1064 305 1129 hoo
322 1063 404 1130 forte
423 1062 563 1129 Nemeae
580 1067 615 1128 in
668 1075 755 1131 eatro
772 1068 989 1152 quinquenna-

28 1147 85 1212 bus
96 1148 182 1213 ludis
200 1146 387 1233 apraecone
398 1149 581 1212 canereturl
603 1160 669 1236 quo'
679 1159 844 1214 certavere
857 1147 989 1246 plausu!
1023 1202 1026 1208 .

28 1231 76 1296 uid
84 1231 246 1315 florumin
257 1230 421 1295 consulem
430 1230 657 1317 profuderunt!
679 1233 843 1296 etiterum
861 1242 990 1296 rterum-
1004 1253 1036 1305 15

28 1334 61 1378 ue
74 1335 267 1401 praeconem
283 1322 428 1398 repetere
445 1336 559 1380 vocem
573 1314 663 1379 illam
682 1315 847 1395 iubebant,
871 1337 935 1401 qua
954 1315 991 1378 li·

28 1407 104 1463 ortas
114 1397 259 1463 Achaiae
276 1396 555 1483 pronuntiabatur,
577 1421 638 1462 nec
656 1392 751 1462 aliter
762 1397 818 1460 illa
829 1397 993 1462 consulari

28 1483 156 1546 autentis
186 1502 261 1564 uam
270 1479 525 1545 modulatissimo
538 1481 645 1568 aliquo
655 1480 809 1545 tibiarum
819 1480 993 1552 autfidium

28 1565 176 1630 antufrue
200 1567 313 1628 antur.¹
343 1622 348 1631 ,

28 1691 145 1764 [XIIII.
162 1695 347 1761 BELLVM
365 1695 594 1763 SYRIACVM
609 1694 743 1761 REGIS
760 1693 991 1759 ANTIOCHI·

80 1812 304 1881 Macedoniam
319 1815 400 1878 Asia
417 1817 525 1880 statim
547 1824 579 1879 et
595 1836 706 1899 regem
722 1813 908 1913 Philippum
924 1815 990 1878 An-
997 1824 1059 1902 11,8

28 1897 124 1964 lochus
140 1920 219 1963 exce
243 1900 269 1962 it
286 1899 426 1985 quodam
436 1921 523 1981 casu,
543 1900 636 1985 quasi
652 1898 692 1963 de
703 1898 863 1963 industrra
880 1899 928 1962 sio
938 1899 992 1962 ad-

28 1981 200 2075 ubernante
219 1921 359 2063 lortuna,
381 1992 417 2048 ut
441 2004 535 2069 quom
556 1983 749 2047 admodum
771 1980 812 2044 ab
829 1980 943 2045 Africa
959 1985 994 2047 in

28 2063 166 2148 lohaiam,
184 2066 231 2129 sic
241 2065 283 2130 ab
293 2064 419 2130 Achaia
434 2068 473 2141 in,
479 2067 593 2130 Asiam
602 2066 686 2130 ult-ro
700 2087 733 2129 se
746 2064 993 2148 suggerentibus

28 2149 105 2213 ausis
116 2150 287 2234 imperium
302 2149 500 2235 procederet,
520 2158 552 2212 et
569 2170 642 2214 oum
655 2157 813 2212 terrarum
830 2146 916 2210 orbis
930 2151 994 2213 situ

28 2248 70 2325 pse
87 2232 166 2297 ordo
181 2233 390 2296 victoriarum
409 2234 589 2316 navigaret.
622 2252 687 2295 non
704 2229 794 2292 aliud
809 2228 992 2295 formidolo-
1006 2243 1023 2290 2

28 2333 69 2378 rus
82 2315 171 2381 fama
187 2315 309 2381 bellum
325 2316 405 2399 fuit3
421 2316 539 2413 quippe
556 2335 628 2377 cum
644 2313 761 2377 Persas
780 2320 811 2375 et
828 2313 992 2395 orientem,

28 2392 136 2464 lcrxen
151 2399 258 2487 adque
267 2397 405 2463 Darium
414 2406 603 2483 cogrtarent,
622 2396 749 2483 quando
760 2395 898 2481 perfossi
911 2396 994 2461 invii

28 2491 133 2566 contos,
145 2483 273 2570 quando
286 2483 367 2547 velis
381 2505 398 2549 o
423 2491 527 2547 ertum
536 2503 624 2546 mare
635 2481 846 2544 nuntiaretur.
878 2479 921 2543 ad
932 2480 993 2546 hoc
1007 2480 1023 2531 3

28 2563 154 2631 celestes
165 2568 271 2630 minae
281 2507 481 2648 territabant,
499 2588 572 2630 cum
588 2585 698 2637 umora
716 2564 866 2627 continuo
879 2562 993 2628 Cuma·

28 2666 62 2710 us
71 2648 189 2736 Apollo
202 2649 343 2713 sudaret.
367 2652 425 2717 sed
437 2650 489 2713 hic
501 2649 641 2713 faventis
651 2647 751 2711 Asiae
764 2667 840 2710 suae
852 2648 992 2711 numinis

28 2727 95 2798 lmor
107 2742 186 2796 erat.
208 2754 269 2797 neo
282 2755 360 2797 sane
370 2734 451 2798 viris
463 2733 577 2818 opibus
589 2732 749 2829 armisque
761 2731 1020 2816 quicquamco·4

28 2811 157 2880 losiusS
199 2817 245 2898 ἐς
264 2817 372 2881 sedin
387 2838 501 2880 manus
517 2825 584 2883 tam
600 2817 712 2897 ignavr
726 2815 813 2898 regis
828 2813 992 2892 inciderat,
1105 2820 1108 2825 '

28 2898 134 2969 until
190 2901 251 2962 erit
269 2900 303 2962 in
320 2900 480 2968 Antiocho
497 2899 672 2983 speciosius
691 2920 786 2982 quam
824 2894 889 2960 uod
902 2897 993 2959 alto-

28 2983 291 3047 emanaturas.
311 2983 457 3069 inpulere
468 3002 578 3066 regem
587 2983 623 3044 in
633 2981 668 3044 id
678 2921 898 3045 bellnmlllino
908 2976 1017 3042 Tho-5

28 3064 202 3132 sAetoliae
217 3067 377 3153 princeps,
397 3066 620 3133 inhonoratam
637 3065 724 3150 apud
740 3064 900 3129 Romanos
917 3081 992 3206 pue·

28 3165 74 3213 ons
85 3147 449 3215 adversnsMacedonas
468 3148 602 3212 militiae
614 3169 691 3211 suae
710 3147 903 3224 societatem,
940 3165 992 3207 mo

28 3232 152 3316 unibal,
165 3233 222 3319 qui
231 3234 266 3296 in
276 3231 390 3296 Africa
398 3233 512 3312 victus,
524 3231 680 3316 profugus
692 3239 724 3293 et
733 3227 822 3313 pacis
833 3227 993 3311 inpatiens

28 3324 127 3381 ,ostem
146 3316 265 3403 populo
287 3315 431 3380 Romano
454 3324 521 3380 toto
544 3314 620 3378 orbo
643 3310 826 3399 quaerebat.
860 3318 891 3374 et
905 3311 1017 3409 quoda

28 3395 81 3465 lud
96 3400 214 3465 luisset
224 3397 412 3485 periculum,
429 3399 458 3461 si
475 3419 509 3461 se
525 3397 667 3461 consiliis
685 3396 753 3458 eius
770 3415 830 3458 rex
843 3393 992 3458 tradidis-

28 3489 59 3565 st,
74 3483 173 3561 idest
188 3484 218 3547 si
227 3483 328 3547 Asiae
343 3480 470 3547 viribus
484 3502 562 3545 usus
580 3481 697 3569 fuisset
709 3479 887 3624 impersfgpp
901 3476 1003 3539 snm-
