2356 3818
113 194 154 257 74
463 200 745 253 nsomrmnonn.

112 368 285 443 utcumque
303 355 437 439 ferrem,
460 356 489 420 si
506 351 615 439 plebei
626 352 725 418 duces
742 359 821 434 aut,
836 352 865 415 si
881 351 1024 436 nobiles,
1039 354 1090 418 ma

113 441 228 506 saltem
248 439 400 505 ducatum
417 438 533 504 sceleri
552 434 787 533 praebuissent.
809 445 879 500 tum
897 448 981 501 vero
991 473 1039 487 --
1055 461 1090 524 pr

112 525 258 589 facinus!
279 562 320 575 —
355 525 390 587 ui
408 523 486 588 viril
509 542 565 606 qur
584 519 810 603 imperatores!
830 519 953 583 decora
969 530 1005 585 et
1022 543 1090 587 orm

112 618 221 672 menta
243 546 364 672 saecuii
388 609 453 687 sui,
474 603 597 668 Marius
620 612 651 666 et
673 601 779 684 Sulla,
807 604 950 688 pessimo
974 604 1090 670 facino]

114 713 204 755 suam
226 693 323 756 etiam
344 691 534 774 dignitatem
551 685 779 771 praebuerunt.

87 766 104 818 3
195 775 324 839 Bellum
344 773 441 838 civile
459 771 644 835 Marianum
664 770 733 833 sive
751 768 920 834 Sullanum
933 771 1090 854 tribum

81 916 84 920 ,
113 861 160 924 sic
181 858 334 939 dixerim,
364 853 524 919 sideribus
552 855 710 938 agitatum
732 862 791 917 est.
823 854 965 939 primum
994 855 1090 920 levir

112 943 239 1008 modico
261 939 399 1004 tumultu
419 939 541 1003 maiore
581 959 657 1000 uam
678 935 780 1018 bello,
802 938 888 1001 intra
905 938 999 1023 ipsos
1024 939 1090 1003 dun

83 1033 201 1092 4taxat
223 1043 384 1089 armenam
405 959 721 1087 ducesauhsistente
741 1021 893 1101 saevitia3
921 1043 1001 1086 mox
1030 1033 1090 1088 atr<

110 1111 180 1175 cius
196 1117 228 1171 et
243 1107 423 1189 cruentius,
444 1128 503 1190 per
519 1105 621 1191 ipsius
643 1105 770 1168 viscera
791 1113 921 1167 senatus
936 1116 1090 1186 grassant

86 1192 266 1270 avictoria3
288 1188 400 1253 ultimo
422 1212 488 1254 non
501 1189 637 1252 civicam
657 1186 769 1269 modo,
791 1187 849 1252 sed
865 1187 1020 1252 hostilem
1036 1212 1090 1276 qut

110 1295 172 1360 que
193 1271 325 1337 rabiem
341 1295 438 1359 super
479 1293 587 1336 essum
609 1269 698 1358 [est],
727 1293 800 1335 cum
828 1290 989 1335 armorum
1022 1272 1090 1337 furo

109 1357 208 1421 totius
231 1356 345 1420 Italiae
373 1358 437 1421 viri
460 1379 499 1420 us
524 1357 696 1436 niteretur,
726 1366 764 1419 e'o
794 1377 896 1440 usque
924 1355 1011 1420 odiis
1045 1378 1090 1421 sae

85 1440 273 1506 'vientibus
300 1450 467 1527 peractum
497 1448 560 1522 est,
590 1439 693 1503 donec
719 1439 869 1504 deessent
902 1440 959 1525 qui
985 1440 1090 1506 occide

108 1534 231 1590 rentur.

83 1616 100 1668 6
192 1609 325 1693 initium
346 1618 378 1673 et
399 1631 498 1673 cansa
515 1607 593 1673 belli
612 1606 820 1691 inexplebilis
835 1607 995 1683 honorum
1012 1608 1090 1673 Mari

107 1693 226 1774 fames,
249 1692 325 1757 dum
345 1693 508 1756 decretam
525 1690 634 1754 Sullae
654 1691 854 1775 provinciam
868 1689 1016 1774 Sulpicia
1038 1692 1090 1776 leg<

107 1777 271 1841 sollicitat.
296 1775 355 1840 sed
375 1776 536 1860 inpatiens
560 1775 699 1837 iniuriae
721 1775 829 1836 statim
849 1772 938 1838 Sulla
960 1773 1090 1858 legione

107 1860 310 1943 circumegit,
333 1857 431 1921 dilato
454 1879 495 1920 ue
516 1856 705 1919 Mithridate
723 1855 896 1939 Esquilina
913 1856 1090 1946 Collinaqu

82 1960 98 2008 7
131 1951 201 2005 orta
221 1941 385 2024 geminum
405 1961 444 2002 ur
467 1940 613 2023 iagmen
634 1938 764 2001 infudit.
793 1938 869 2002 inde
896 1961 970 2003 cum
992 1964 1090 2007 consu

107 1964 154 2088 ies
172 2023 382 2108 Sulpicius-et
399 2022 625 2086 Albinovanus
645 2021 841 2086 obiecissent
856 2030 1006 2086 catervas
1027 2047 1090 2090 suas

108 2117 140 2173 et
163 2129 243 2172 saxa
261 2106 404 2192 undique
425 2128 446 2170 a
467 2104 636 2179 moenibus
657 2126 695 2170 ac
716 2105 782 2169 tela
809 2107 1010 2189 iacerentur,
1031 2111 1090 2194 ‘ips

107 2213 235 2278 quoque
256 2191 415 2256 iaculatus
436 2191 587 2256 incendia
606 2191 696 2256 viam
717 2188 795 2254 fecit
815 2200 989 2275 arcemque
1014 2192 1090 2277 Capi

107 2275 187 2359 tolii,
211 2296 293 2362 quae
316 2274 443 2342 Poenos
466 2297 609 2363 quoque,
640 2296 723 2363 quae
751 2273 864 2338 Gallos
887 2274 986 2353 etiam
1008 2275 1090 2340 Seno

80 2377 167 2427 snas
186 2358 349 2442 evaserat,
376 2361 470 2445 quasi
495 2361 657 2445 captivam
685 2360 790 2422 victor
815 2357 945 2421 insedit.
973 2367 1046 2425 tum
1065 2381 1090 2422 er

107 2442 253 2507 consulto
276 2451 407 2506 senatus
422 2444 618 2507 adversariis
632 2440 778 2506 hostibus
797 2441 949 2505 iudicatis
965 2443 1000 2505 in
1014 2464 1090 2529 prae

108 2534 231 2587 sentem
251 2525 416 2589 tribunum
437 2526 582 2611 aliosque
605 2526 764 2589 diversae·
778 2524 929 2588 factionis
950 2525 1022 2588 iure
1037 2547 1090 2591 sae

105 2609 210 2671 vitum
228 2617 292 2688 est,
313 2607 454 2672 Marium
469 2608 597 2672 servilis
616 2608 696 2692 iuga
708 2610 842 2689 exemit,
864 2611 960 2671 immo
975 2608 1090 2675 fortun

107 2690 200 2754 alteri
220 2689 306 2755 bello
329 2693 519 2758 reservavit.

15 2833 17 2838 .
79 2779 96 2831 9
191 2773 341 2840 Cornelio
363 2774 469 2839 Cinna
481 2775 573 2842 Gneo
585 2774 721 2847 Octavio
735 2771 922 2839 consulibus
942 2775 1028 2840 male
1050 2775 1090 2840 oh

105 2867 213 2924 rutum
242 2860 423 2922 resurrexit
450 2860 650 2941 incendium,
678 2867 710 2922 et
738 2859 868 2944 quidem
894 2858 935 2923 ab
962 2860 1090 2943 ipsorun

107 2943 284 3024 discordia,
308 2964 381 3005 cum
397 2943 438 3006 de
455 2944 647 3008 revocandis
666 2964 745 3028 quos
759 2952 890 3007 senatus
902 2942 1011 3008 hostes
1022 2943 1089 3007 iudi

67 3033 239 3090 locaverat
259 3025 303 3090 ad
320 3025 474 3112 populum
495 3028 687 3109 referretur3
710 3027 815 3090 cincta
836 3026 965 3112 quidem
985 3026 1090 3110 gladiis

105 3111 269 3191 contione,
293 3110 352 3175 sed
365 3110 577 3174 'vincentibus
600 3109 716 3196 quibus
736 3131 803 3195 pax
825 3119 856 3174 et
874 3110 964 3194 quies
987 3112 1090 3195 potior

104 3193 261 3276 profugus
286 3196 392 3279 patria
413 3215 472 3257 sua
495 3192 599 3259 Cinna
620 3193 767 3276 confugit
786 3194 827 3258 ad
848 3201 966 3278 partes.
1004 3195 1090 3258 rediit

105 3273 147 3339 ab
169 3276 284 3340 Africa
303 3278 427 3342 Marius
453 3276 545 3342 clade
567 3278 687 3358 mai0r3
718 3278 747 3339 si
768 3276 898 3362 quidem
919 3298 1031 3343 carcer
1052 3298 1089 3342 ca

66 3365 217 3439 tltenac,
246 3358 326 3444 fuga
357 3361 491 3425 exilium
506 3404 508 3409 -
523 3360 791 3425 horrificaverant
812 3360 1026 3444 dignitatem:
1045 3362 1090 3426 ita

105 3462 167 3529 que
188 3441 231 3506 ad
251 3464 375 3508 nomen
389 3447 473 3510 tanti
495 3445 559 3510 viri
581 3444 645 3510 late
665 3445 882 3528 concurritur,
906 3446 1041 3513 servitia
1061 3481 1090 3499 -
