2356 3818
149 225 182 273 r.
196 224 296 297 arun
313 226 418 310 raoar
435 227 612 278 vraorurus
628 229 768 302 oneror
782 231 831 280 ar
848 229 970 281 ronrs.
987 216 1061 299 ,107
1076 218 1096 269 ἰ

59 377 174 445 videri
185 377 281 460 solet,
304 379 389 464 quod
399 401 464 445 non
477 381 600 445 Romae
617 401 739 464 morer3
762 382 820 447 sed
836 382 917 449 nihil
935 391 985 447 est
1000 384 1061 448 dif-

62 462 184 560 ficilius
202 484 298 549 quam
312 463 470 529 rationem
489 466 625 531 reddere
640 474 729 530 actus
748 467 806 549 tui.
835 489 934 552 quare
950 468 1062 532 desine

61 567 118 611 me
141 567 178 609 m
202 546 387 610 memoriam
412 549 552 634 priorem
573 549 756 614 reducendo
776 549 893 614 vulnus
916 551 1063 615 dolorum

62 648 212 694 meorum
227 631 421 695 rescindere.
444 633 584 731 propitia
601 635 643 696 sit
654 633 711 697 illa
722 635 854 717 civitas,
870 643 902 698 et
914 635 1063 698 fruantur

36 713 125 778 ⁵illa
157 711 253 777 uibus
274 713 404 778 fortuna
417 717 582 801 perm1ttit.
616 716 703 802 quod
717 718 759 782 ad
775 739 826 781 me
841 719 997 804 pertinet,
1021 739 1063 782 ex

63 797 125 863 illo
160 798 203 879 'e,
221 798 327 878 cuius,
341 797 382 862 de
393 820 455 884 quo
466 800 591 864 tumihi
602 802 693 864 testis
704 823 753 884 es,
770 801 910 895 palmam
921 809 1064 885 ereptam

63 879 215 945 manibus
240 889 272 944 et
286 882 386 968 capiti
403 903 553 948 coronam
570 889 641 948 meo
653 885 737 967 vidi,
759 893 827 949 tota
846 906 953 966 mens,
966 892 1062 948 «totus

63 966 192 1029 animus
207 964 323 1028 resiliit
339 973 434 1052 atque
449 966 616 1031 abhorruit
627 966 667 1031 ab
681 968 738 1032 illa
752 969 897 1050 civitate,
918 967 1062 1065 adeoque

64 1064 139 1131 sum
162 1066 332 1133 percussus
352 1057 383 1113 ct
406 1059 626 1115 consternatus
652 1050 708 1120 illo
732 1051 858 1135 dolore,
883 1059 920 1115 ut
938 1060 1062 1138 patriae

36 1146 57 1189 o
87 1152 197 1217 uoque
212 1152 303 1196 meae
319 1131 436 1197 oblitus
452 1143 483 1198 et
499 1143 669 1220 parentum
689 1137 927 1200 carissimorum
940 1133 1062 1198 ¹similis

121 1215 189 1279 enti
199 1214 262 1278 huc
274 1223 305 1279 et
316 1215 393 1280 illuc
403 1238 543 1302 vagarer
551 1240 610 1304 per
621 1216 752 1283 diversa
762 1226 943 1282 terrarum?
966 1215 1063 1282 etille

64 1306 293 1447 ‘quapstarncn
306 1298 378 1447 dida
392 1323 513 1400 quasve
529 1303 677 1448 rpgiones
692 1301 918 1401 peragrastii’

63 1487 128 1531 ..a
147 1385 1063 1554 att?-...ittttattt.i¹¹¹tt.ttt”tt?at¹tt

36 1549 167 1617 obirem
185 1550 268 1632 vidi,
287 1488 498 1616 domesticam
512 1551 638 1617 Cereris
657 1552 781 1632 sedem,
804 1550 921 1615 deinde
934 1551 1062 1630 Creten,

62 1634 204 1735 patriam
220 1634 376 1716 tonantis,
399 1644 465 1700 eta
481 1636 581 1699 latere
593 1636 718 1699 vicinas
734 1633 893 1721 Cycladas
912 1633 1061 1697 salutavi.

63 1717 145 1783 mdc
157 1739 209 1781 me
226 1715 358 1804 Rhodos
374 1727 406 1782 ct
420 1718 461 1784 ab
476 1741 512 1783 re
553 1740 627 1782 essu
644 1719 840 1817 Aegyptium
856 1717 1005 1804 pelagus,
1026 1723 1063 1779 ut

64 1820 124 1867 ora
134 1799 203 1864 Nih
213 1801 360 1867 viderem
379 1812 411 1866 et
425 1824 512 1889 popu
524 1825 579 1867 um
596 1823 722 1889 semper
736 1825 771 1864 m
786 1801 914 1886 templis
927 1801 1064 1865 otiosum

63 1885 258 1972 peregrinae
276 1884 357 1957 deae
374 1887 470 1950 sistra
490 1886 680 1972 pulsantem.
712 1885 790 1950 inde
806 1906 918 1949 rursus
934 1882 1064 1947 Italiam

36 1968 166 2049 aredii,
189 1977 221 2031 et
241 1968 347 2033 taedio
368 1972 465 2034 maris
489 1992 561 2034 cum
578 1971 813 2035 mediterranea
834 1969 1064 2054 concepissem,

64 2059 195 2117 secutus
202 2051 345 2116 Gallicas
352 2053 454 2139 Alpes
463 2052 516 2142 [et]
528 2053 627 2118 lustro
658 2053 769 2139 opulos
782 2051 932 2138 aquilone
942 2050 1063 2137 pallen-

63 2146 126 2201 tes.
149 2135 224 2199 inde
240 2134 288 2199 sol
300 2137 449 2201 occidens
462 2136 597 2222 placuit:
642 2145 711 2200 ecto
723 2156 862 2199 cursum.
887 2135 946 2198 sed
957 2135 1064 2197 statim

63 2241 125 2307 par
141 2219 288 2300 horrore,
309 2241 369 2306 par
379 2221 516 2302 vertice,
537 2242 596 2305 par
609 2219 667 2284 ille
680 2218 809 2282 nivibus
823 2218 867 2281 Al
890 2217 952 2281 inis
965 2217 1063 2301 Pyre-

64 2324 168 2368 naeus
184 2303 320 2387 excepit.
342 2303 451 2385 vides,
463 2301 595 2389 hospes,
608 2323 689 2389 qnae
706 2303 810 2387 spatia
821 2241 902 2365 cadi
912 2321 991 2385 pera
1032 2319 1064 2361 a·

36 2386 186 2469 everim,
205 2407 287 2471 quae
302 2388 398 2450 maris
410 2407 534 2473 quaeve
549 2395 715 2450 terrarum.
737 2406 803 2449 non
818 2382 911 2448 ahter
927 2404 978 2446 me
1016 2403 1063 2445 er-

44 2468 49 2476 ¹
65 2469 172 2552 cules,
190 2470 219 2533 si
233 2469 380 2535 conferre
419 2470 506 2535 arvis
519 2490 637 2553 magna
654 2469 745 2551 licet,
763 2489 853 2532 sacer
869 2466 925 2531 ille
936 2466 1063 2531 iuvenis

63 2551 290 2703 pervolitavit,
310 2554 362 2618 cui
377 2493 480 2618 'derra
496 2562 600 2617 mater
609 2556 743 2638 capaces
755 2559 947 2617 oneraverat
962 2549 1063 2634 frugi·

88 2659 129 2702 us
144 2637 288 2718 amictus,
301 2646 333 2701 et
344 2660 417 2703 cum
427 2638 503 2701 alite
516 2645 664 2723 serpente
675 2658 803 2701 currum
814 2637 884 2721 ipsa
894 2635 1075 2713 iunxisset,

64 2721 132 2786 nisi
151 2729 217 2785 toto
240 2719 317 2785 orbe
362 2743 396 2785 er
457 2729 509 2784 ato
527 2722 631 2785 vetuit
655 2741 729 2784 suas
751 2720 858 2784 redire
887 2725 1061 2804 serpentes.

36 2804 164 2871 roliccat
180 2825 257 2889 ergo
273 2744 404 2869 tandem
434 2805 555 2888 atigato
577 2803 631 2868 hic
652 2802 824 2902 aliquando
842 2800 1059 2866 succumbere.

65 2890 96 2953 si
106 2887 243 2974 Scythes
256 2909 360 2952 essem
366 2937 376 2971 ,
394 2889 459 2951 iam
496 2886 618 2951 laustra
635 2887 820 2969 solr⁷1ssem3
842 2886 870 2949 si
884 2904 986 2969 vagus
1005 2901 1062 2965 gu·

63 2972 232 3054 bernator,
243 2973 308 3034 iam
323 2971 428 3036 dicata
437 2910 547 3056 pehagi
558 2970 637 3035 deae
650 2992 746 3056 prora
758 2969 924 3056 penderet.
945 2985 1061 3051 quous-

64 3077 129 3143 que
143 3053 357 3141 vagabimur?
377 3077 420 3120 an
436 3075 562 3140 semper
578 3054 720 3138 hospites
739 3051 882 3117 erimus?
900 3051 989 3115 serae
1008 3067 1061 3111 cu·

63 3140 133 3206 bile
145 3138 346 3224 prospiciunt
355 3149 387 3204 et
397 3136 475 3202 aves
484 3146 655 3202 senescunt
664 3138 699 3200 in
706 3136 793 3200 nido.
816 3135 845 3198 si
854 3134 921 3198 iata
927 3133 1062 3197 Romam

36 3230 190 3308 ”negant
199 3222 345 3309 patriam,
359 3222 465 3286 saltim
477 3221 531 3285 hic
543 3242 673 3285 manere
688 3220 862 3304 contingat.
885 3216 962 3316 quid
976 3212 1062 3301 quod

64 3305 265 3373 consuetudo
281 3327 333 3370 res
348 3305 441 3369 fortis
457 3312 515 3369 est.
548 3315 580 3368 et
595 3316 669 3368 'ecce
682 3304 746 3366 iam
759 3301 976 3366 familiantate
988 3319 1061 3363 con·

63 3392 159 3456 tinus
175 3390 291 3455 civitas
305 3387 398 3452 nobis
412 3389 484 3472 ipsa
500 3387 679 3468 blanditur,
702 3408 798 3472 quae,
823 3386 851 3449 si
866 3384 944 3471 quid
955 3381 1060 3449 credis

64 3472 147 3540 mihi
162 3474 217 3562 qui
232 3473 332 3539 multa
342 3471 491 3558 cognovi,
503 3472 644 3536 omnium
655 3490 764 3536 samm
778 3491 860 3558 quae
871 3468 914 3535 ad
924 3468 1063 3555 quietem
