2356 3818
398 199 732 290 1313011111.
1024 209 1063 269 u

62 368 167 454 egerit
196 367 392 453 imperator,
423 389 465 430 an
492 390 633 433 errorem
663 370 697 432 in
727 371 897 436 consilium
922 374 1065 454 uerterit,

10 426 27 548 ξ’
61 444 214 534 dubium3
240 460 328 516 certe
350 452 543 516 necessitate
566 463 640 543 acta
664 455 769 518 virtus
790 455 947 520 victoriae
969 478 1067 521 causa

10 565 26 632 p,
60 536 133 599 luit.
173 557 250 598 nam
276 535 443 618 flagitante
470 556 587 622 aquam
617 538 775 617 exercitu,
807 539 849 601 ‘si
874 540 939 603 viri
964 541 1091 621 estis,'9

59 620 167 705 inqui-t
188 626 256 701 ‘en,
285 617 353 681 illic
374 617 526 682 habetis?
559 619 605 683 ita
628 641 668 683 ue
692 629 781 684 tanto
803 622 919 687 ardore
943 645 1065 709 pugna

10 676 132 800 gttum
157 712 219 785 est,
247 719 286 767 ea
312 701 428 769 caedes
452 700 592 767 hostium
607 642 692 784 luit,
721 713 757 767 ut
776 705 880 769 victor
904 707 1067 770 Romanus

10 843 26 883 t
60 795 193 851 cruento
214 786 347 858 flumine
366 807 432 850 non
451 785 525 870 plus
546 808 649 872 aquae
664 787 789 852 biberit
816 811 911 876 quam
937 793 1067 875 sangui·
1123 858 1125 869 Ι

10 906 25 966 ,1
58 871 110 935 n'is
134 869 377 935 barbarorum·
400 879 486 935 carte
514 892 575 934 rex
593 873 664 957 ipse
687 871 910 955 Teutobodus,
941 884 1066 959 quater-
1078 895 1110 945 10

10 1010 26 1049 Ι
58 976 118 1019 nos
143 975 303 1040 senosque
325 974 424 1052 equos
445 954 609 1036 transilire
628 955 757 1038 solitus,
780 956 839 1021 vix
856 979 972 1041 ι111111111,
994 979 1066 1021 cum

58 1034 392 1124 fugeret,ascend1t,
418 1039 566 1123 proximo
589 1060 630 1101 ue
660 1040 694 1101 in
722 1039 806 1103 saltu
827 1040 1066 1126 conprehensus

10 1123 190 1211 ‘ainsigne
206 1119 437 1206 ,spectaculum
464 1061 619 1206 triumplu
649 1122 720 1187 fuit.
767 1125 886 1209 quipe
914 1125 966 1188 vir
993 1144 1066 1209 pro·

10 1238 24 1266 1,
58 1206 203 1271 caritatis
228 1205 367 1268 eximiae
389 1226 486 1291 super
508 1213 642 1290 tropaea
664 1228 723 1269 sua
743 1147 914 1271 eminebat.
1014 1258 1020 1263 .

144 1287 287 1354 Sublatis
304 1288 450 1351 funditus
465 1288 620 1352 Teutonis
634 1290 672 1361 in
689 1289 837 1372 Cimbros
855 1291 1107 1356 convertitur.11

10 1425 18 1463 5
57 1375 94 1439 hi
111 1373 179 1436 iam
198 1410 243 1423 ·-
263 1373 335 1458 quis
356 1371 526 1436 crederet?
548 1410 591 1422 —
611 1394 670 1457 per
692 1373 844 1456 hiemem,
869 1396 951 1461 quae
967 1374 1064 1441 altius

10 1510 16 1543 :-
56 1457 161 1556 Alpes
182 1455 284 1538 levat,
307 1455 507 1520 Tridentinis
530 1457 615 1540 iugis
634 1456 668 1519 in
685 1456 814 1521 Italiam
829 1459 994 1543 provoluti
1009 1479 1064 1521 ve—

10 1546 47 1609 ·[¹⁵
56 1542 120 1606 lut1
135 1541 230 1603 ruina
247 1538 491 1603 descenderant.
513 1539 661 1603 Athesim
676 1539 796 1603 flumen
811 1563 876 1605 11011
892 1550 990 1625 ponte
1003 1550 1107 1604 110012

56 1622 214 1705 navibus,
235 1623 294 1688 sed
310 1622 449 1710 quadam
465 1623 639 1687 stoliditate
656 1623 827 1687 barbarica
841 1626 980 1710 primum
996 1626 1065 1688 cor-

55 1706 193 1796 poribus
220 1706 383 1791 adgressi,
410 1708 580 1794 postquam
605 1707 744 1770 retinere
766 1730 892 1771 amnem
914 1707 1063 1771 manibus

56 1801 91 1857 et
114 1790 159 1855 cli
183 1791 228 1854 eis
249 1790 371 1863 frustra
391 1798 641 1876 temptaverant,
666 1791 793 1875 ingesta
812 1792 897 1855 silva
915 1791 1064 1856 obrutum

55 1813 267 1946 transiluere:
294 1875 328 1937 si‘
344 1875 452 1938 statim
474 1874 592 1939 infesto
613 1874 742 1959 agmine
763 1876 878 1941 urbem
897 1877 1108 1962 petissentlt

18 1958 185 2046 tegrande
203 1957 397 2040 discrimem·
414 1959 523 2023 sedin
537 1958 689 2040 Venetia,
713 1980 775 2044 quo
792 1960 862 2024 fere
878 1969 983 2024 tractu
1001 1958 1064 2022 Ita·

55 2045 104 2109 lia
127 2041 318 2106 mollissima
339 2052 402 2124 est,
431 2043 504 2140 ipsa
524 2042 585 2107 soli
607 2041 752 2129 caelique
775 2043 944 2107 clementia
965 2041 1064 2106 robur

57 2126 215 2210 elanguit.
239 2126 282 2189 ad
302 2126 363 2189 hoc
384 2147 478 2210 panis
502 2148 564 2189 usu
587 2127 757 2212 carnisque
780 2136 889 2190 coctae
909 2136 941 2190 et
958 2125 1064 2190 dulce-

57 2213 137 2276 dine
158 2209 228 2294 vini
253 2210 416 2293 mitigatos
440 2209 563 2272 Marius
585 2210 620 2271 in
641 2218 785 2293 tempore
806 2210 979 2293 adgressus
1005 2217 1063 2270 est.

56 2315 180 2360 venere
194 2293 259 2378 ipsi
275 2330 318 2342 -—
334 2315 410 2356 nam
424 2301 528 2355 metus
545 2293 580 2355 in
597 2291 744 2355 barbaris
761 2290 851 2355 nulla
867 2293 1007 2376 vestigia
1020 2327 1063 2340 ·-
1075 2297 1107 2348 14

20 2388 91 2445 raet
112 2377 199 2443 diem
220 2398 349 2461 pugnae
371 2399 391 2440 a
411 2385 521 2441 nostro
542 2377 734 2461 imperatore
759 2377 938 2460 petierunt,
962 2384 994 2438 et
1016 2374 1064 2438 sic

55 2461 242 2549 proximum
264 2456 361 2525 dedit.
394 2461 429 2524 in
449 2460 685 2546 patentissimo,
711 2480 806 2545 quem
824 2459 987 2524 Raudium
1007 2479 1063 2523 vo·

56 2555 149 2626 cant,
172 2566 240 2608 cam
265 2565 284 2607 0
302 2566 503 2608 concurrere.
529 2544 606 2608 inde
625 2544 716 2606 milia
733 2545 904 2628 sexaginta
922 2545 1063 2633 quinque

56 2629 222 2710 cecidere,
272 2629 323 2691 'nc
345 2630 497 2693 trecentis
518 2629 640 2710 minus3
666 2648 868 2712 peromnem
886 2629 972 2692 diem
989 2649 1063 2692 con-

57 2713 179 2778 ciditur
194 2710 363 2776 barbarus.
385 2714 459 2776 istic
476 2733 603 2797 quoque
621 2711 796 2795 imperator
812 2711 983 2775 addiderat
997 2711 1061 2774 vir·
1074 2716 1106 2769 15

22 2797 121 2867 sabuti
144 2794 267 2878 dolum,
296 2804 424 2861 secutus
448 2794 644 2859 Annibalem
672 2803 837 2881 artemque
861 2795 1062 2873 Cannarum3

55 2881 199 2968 primum
224 2879 415 2945 nebulosum
436 2888 571 2944 nanctus
594 2878 693 2959 diem,
714 2887 752 2942 ut
771 2878 856 2943 hosti
878 2880 1061 2963 inopinatus

57 2973 256 3045 occurreret,
278 2973 346 3028 tum
365 2972 535 3029 ventosum
558 2983 699 3050 quoque,
720 2972 756 3026 ut
775 2962 883 3048 pulvis
899 2964 934 3025 in
953 2961 1062 3024 oculos

57 3058 92 3113 et
119 3068 177 3112 ora
204 3047 357 3128 ferretur,
385 3057 452 3111 turn
481 3049 550 3112 acie
579 3068 737 3111 conversa
764 3048 799 3110 in
822 3047 990 3125 orientem,
1016 3051 1061 3124 ut,

79 3131 147 3196 uod
169 3152 211 3194 ex
232 3133 368 3217 captivis
391 3155 468 3196 mox
489 3131 653 3216 cognitum
676 3140 737 3211 est,
761 3152 803 3194 01
818 3128 989 3214 splendore
1005 3149 1062 3213 ga-

24 3155 185 3299 alearum
206 3236 281 3279 aere
298 3237 487 3301 repercusso
504 3217 595 3302 quasi
612 3214 726 3278 ardere
744 3212 868 3278 caelum
884 3212 1061 3277 videretur.

57 3321 120 3365 nec
137 3300 244 3364 minor
262 3322 335 3364 cum
350 3299 506 3363 uxoribus
526 3321 635 3363 eorum
655 3318 764 3382 pugna
781 3318 877 3381 quam
895 3319 967 3360 cum
982 3296 1061 3382 ipsis
1073 3308 1105 3359 10

58 3384 138 3467 suia
166 3405 240 3448 cum
267 3383 400 3449 obiectis
428 3383 570 3469 undique
595 3381 749 3482 plaustris
775 3390 871 3467 atque
888 3382 1061 3466 carpentis

59 3466 146 3533 altae
168 3467 307 3555 desuper
330 3465 497 3532 securibus
518 3476 684 3552 contisque
708 3463 1104 3596 0011101011,ἒο111111011
