2356 3818
220 294 225 309 1
338 167 672 291 .·1,ho[111‚5].
816 152 820 168 ι
1018 192 1072 270 55'

10 388 28 450 ='
59 373 181 445 mediae
210 372 350 436 hostium
369 391 469 435 naves
489 377 560 433 utre
583 370 757 454 suspensus
783 371 972 456 etpedibus
997 373 1060 436 iter

10 460 26 551 ἑ
57 457 265 544 gubernans,
303 452 488 518 videntibus
519 453 633 538 procul
668 454 761 539 quasi
793 458 919 519 marina
972 456 1058 519 ristis

10 574 25 633 g
58 549 217 606 evaserat.
256 559 333 613 mox
359 537 451 603 clade
474 558 644 618 conversa,
674 558 746 601 cum
768 559 810 601 ex
831 560 920 603 mora
942 559 960 602 o
985 539 1060 603 sidii
1069 535 1102 623 '17

10 678 25 717 Ε
58 613 170 710 reg'em
191 623 293 686 fames
312 630 343 685 et
360 643 403 684 ex
419 620 503 703 fame
520 620 704 705 pestilentia
719 643 758 683 ur
781 631 872 685 neret
877 670 886 704 ,
908 623 1059 686 receden-

10 718 123 798 Estem
145 705 299 770 Lucullus
322 704 510 790 adsequitur
530 704 611 768 adeo
633 725 675 767 ue
696 717 752 768 cae
778 705 815 788 't,
841 713 878 768 ut
900 705 1060 770 Granicus

10 842 22 881 Ι
57 800 89 856 et
116 791 263 874 Aesepus
290 809 400 852 amnes
427 789 552 852 cruenti
572 727 797 859 redderentur.
837 802 901 854 rex‘
924 789 1059 853 callidus
1072 804 1102 854 18

10 934 19 963 Β
56 877 287 959 Romanaeque
309 871 464 935 avaritiae
486 872 607 956 peritus
630 872 740 956 spargi
761 893 872 936 aurum
893 893 913 934 a
933 871 1059 955 fugien-
1123 923 1127 942 ,

10 1009 16 1031 ,
54 958 145 1023 tibus
178 967 209 1021 et
237 957 406 1041 pecuniam
437 956 548 1036 iussit,
583 976 646 1041 qua
672 965 842 1041 sequentes
869 964 1057 1020 moraretur.

10 1038 15 1046 ’
55 1063 119 1106 nec
139 1040 267 1104 felicior
286 1041 321 1102 in
343 1039 425 1102 mari
444 1061 540 1124 quam
556 1047 646 1118 ⁴terra
671 1037 759 1122 fuga.
792 1041 909 1124 quippe
931 1047 1060 1102 centum

22 1124 197 1211 inamplius
220 1124 350 1187 navium
377 1121 513 1186 classem
541 1131 696 1207 apparatu
721 1121 800 1186 belli
821 1145 955 1206 gravem
976 1121 1059 1188 Pon·
1087 1126 1114 1184 .’

54 1211 123 1274 tico
144 1208 225 1271 mari
243 1206 589 1291 adgressa'tempestas
611 1215 683 1270 tam,
698 1205 799 1270 foeda·
815 1206 1060 1291 stragalacera-

55 1293 121 1373 vit,
144 1299 181 1355 ut
201 1292 326 1354 navalis
348 1289 426 1353 belli
446 1291 548 1353 instar
567 1289 724 1370 efficeret,
751 1290 910 1376 planeque
936 1299 973 1355 ut
994 1291 1058 1354 Lu·
1071 1308 1102 1359 19

56 1375 163 1442 cullus
191 1373 329 1460 quodam
354 1395 427 1437 cum
452 1372 602 1437 fluctibus
630 1372 844 1461 procellisque
870 1374 1060 1439 commercio
1159 1454 1160 1459 ἵ

56 1457 287 1524 debellandum
318 1457 493 1520 tradidisse
520 1478 629 1539 regem
658 1457 763 1519 ventis
790 1457 966 1530 videretur.
1005 1457 1104 1523 ad·20

19 1559 49 1604 rs
57 1544 157 1608 tritae
186 1542 251 1604 iam
277 1561 386 1605 omnes
412 1538 603 1603 validissimi
627 1539 721 1623 regni
748 1541 834 1603 vires
863 1549 969 1621 erant,
1003 1540 1061 1603 sed

30 1652 34 1663 ¹
55 1627 185 1692 animus
211 1623 303 1689 malis
330 1623 519 1706 augebatur.
552 1623 660 1708 itaque
685 1642 860 1688 conversus
889 1624 1100 1707 ald-proxim

55 1730 128 1775 mas
155 1716 272 1793 gentes·
294 1716 397 1771 totum
428 1728 530 1792 paene
558 1707 714 1779 orientem
739 1728 777 1770 ac
810 1707 1061 1791 septentrionem

55 1794 154 1873 ruina
183 1812 241 1854 sua
266 1790 414 1856 involvit.
444 1789 574 1872 Hiberi,
608 1789 734 1876 Caspii,
758 1789 879 1854 Albani
902 1799 933 1854 et
954 1798 1060 1854 utrae-

11 1930 16 1941 ,
57 1897 123 1965 que
147 1874 358 1939 sollicitantur
378 1875 566 1955 Armeniae,
588 1896 647 1960 per
668 1895 750 1961 quae
774 1874 881 1939 omnia
907 1874 1005 1938 decus
1030 1881 1061 1937 et

18 1972 179 2025 unomen
201 1967 244 2022 et'
257 1957 367 2022 titulos
394 1957 516 2043 gloriae
541 1958 694 2044 Pompeio
721 1964 778 2022 suo
800 1957 944 2022 Fortuna
965 1979 1062 2043 quae-
1130 1987 1133 1999 ·

55 2034 162 2111 rebat.
187 2042 242 2128 qui
262 2042 319 2106 ubi
335 2043 429 2107 novis
447 2042 585 2106 motibus
603 2043 717 2107 ardere
732 2042 845 2105 Asiam
861 2042 952 2108 videt
965 2041 1103 2109 alios-22

56 2130 123 2215 que
152 2147 194 2188 ex
218 2124 291 2189 aliis
318 2125 448 2210 prodire
474 2148 582 2209 reges,
613 2125 694 2189 nihil
724 2126 938 2189 cunctandum
961 2133 1060 2204 ratus,
1096 2116 1103 2131 ’

55 2211 248 2298 priusquam
280 2210 364 2272 inter
394 2231 429 2272 se
459 2211 604 2292 gentium
634 2208 750 2272 robora
780 2209 915 2289 coirent,
953 2208 1061 2271 statim

56 2301 159 2381 ponte
173 2292 310 2356 navibus
325 2293 411 2356 facto
427 2292 568 2355 omnium
583 2301 656 2355 ante
671 2313 705 2354 se
720 2292 841 2375 primus
854 2291 984 2355 transiit
994 2290 1059 2353 Eu-

16 2377 208 2465 aphratem
231 2399 266 2440 re
291 2397 403 2474 emque
428 2375 606 2460 fugientem
628 2374 735 2438 media
755 2383 892 2438 nanctus
906 2375 1060 2438 Armenia

56 2498 104 2512 --
125 2468 244 2545 quanta
267 2399 407 2524 lanatas
431 2460 512 2524 viril
534 2497 577 2508 —-
600 2480 664 2522 uno
685 2458 807 2543 proelio
825 2458 974 2533 confecit.
1003 2476 1103 2527 noas

59 2553 177 2609 cturna
202 2565 240 2606 ea
265 2544 427 2607 dimicatio
453 2543 515 2605 fuit
541 2551 573 2606 et
589 2542 684 2606 Luna
701 2543 736 2605 in
779 2542 912 2607 artibus.
943 2543 1061 2628 quippe

83 2627 157 2691 nasi
179 2628 388 2709 commilitans
405 2649 477 2690 cum
493 2626 554 2689 dea
568 2648 588 2689 a
603 2636 693 2710 tergo
710 2648 744 2689 sc
756 2565 921 2707 hostibus,
941 2647 961 2688 a
976 2625 1061 2690 facie
1146 2688 1150 2697 ,

53 2772 59 2787 ,
94 2711 217 2774 omanis
260 2709 451 2791 raebui'sset,
474 2710 600 2773 Pontici
620 2732 679 2795 per
700 2731 838 2774 errorem
858 2710 986 2792 longius
1010 2728 1060 2773 ca-

23 2817 51 2858 eo
61 2794 170 2859 dentis
192 2731 321 2857 umhras
338 2815 411 2857 suas
429 2795 520 2879 qnasi
535 2793 674 2857 hostium
689 2814 824 2879 corpora
837 2793 999 2879 petebant.
1030 2799 1062 2855 et
1070 2807 1105 2854 24

59 2875 266 2942 Mithridates
283 2877 411 2963 quidem
425 2886 518 2941 nocte
536 2878 592 2941 illa
608 2876 785 2942 debellatus
802 2880 860 2942 est.
878 2876 960 2939 nihil
974 2875 1061 2938 enim

58 2968 175 3047 postea
185 2960 296 3043 valuit,
313 2983 506 3047 quamquam
517 2962 623 3025 omnia
634 2971 784 3108 expertus
796 2983 884 3025 more
896 2959 1059 3042 anguium,

59 3044 120 3131 qni
138 3044 254 3129 optrito
275 3046 379 3130 capite
399 3042 594 3130 postremum
616 3066 675 3108 cau
699 3065 718 3107 a
736 3047 907 3108 minantur.
941 3042 1102 3128 quippeao

60 3149 137 3192 cum
152 3127 215 3192 effu
240 3129 316 3192 'sset
330 3128 454 3192 hostem
466 3128 595 3194 Colchis
609 3138 716 3209 tenus,
736 3130 869 3212 iungere
882 3127 1060 3210 Bosporon,

23 3241 51 3282 3⁶
60 3210 141 3275 inde
152 3233 210 3296 per
249 3211 369 3276 hracen
379 3213 601 3278 Macedoniam
623 3211 878 3278 ucetllraeeiam
888 3209 1060 3291 transilire,
1082 3253 1085 3263 ·

60 3295 111 3359 sic
131 3294 259 3359 Italiam
278 3318 339 3359 nec
360 3299 506 3381 opinatus
529 3235 684 3360 invadere
696 3332 739 3345 -
752 3303 875 3358 tantum
894 3294 1059 3378 cogitavit.

60 3378 123 3442 sed
145 3378 325 3444 defectione
347 3380 465 3444 civium
489 3378 728 3464 Pharnacisque
748 3378 808 3442 filii
826 3379 947 3443 scelere
993 3397 1103 3448 rae-25

59 3471 179 3528 ventus
193 3462 278 3528 male
292 3471 480 3548 temptatum
490 3485 616 3530 veneno
628 3462 773 3551 spiritum
785 3462 872 3528 ferro
887 3484 949 3547 exp
985 3462 1019 3524 't.
