<?xml version="1.0" encoding="UTF-8"?>
<!DOCTYPE html PUBLIC "-//W3C//DTD XHTML 1.0 Transitional//EN"
    "http://www.w3.org/TR/xhtml1/DTD/xhtml1-transitional.dtd">
<html xmlns="http://www.w3.org/1999/xhtml" xml:lang="en" lang="en">
 <head>
  <title>
</title>
<meta http-equiv="Content-Type" content="text/html;charset=utf-8" />
  <meta name='ocr-system' content='tesseract 3.04.00' />
  <meta name='ocr-capabilities' content='ocr_page ocr_carea ocr_par ocr_line ocrx_word'/>
</head>
<body>
  <div class='ocr_page' id='page_1' title='image "./iulifloriepitom00halmgoog_0021.png"; bbox 0 0 2348 3818; ppageno 0'>
   <div class='ocr_carea' id='block_1_1' title="bbox 74 154 733 239">
    <p class='ocr_par' dir='ltr' id='par_1_1' title="bbox 74 154 733 239">
     <span class='ocr_line' id='line_1_1' title="bbox 74 154 733 239; baseline 0 -4"><span class='ocrx_word' id='word_1_1' title='bbox 74 186 148 237; x_wconf 89' lang='lat' dir='ltr'><strong><em>xrv</em></strong></span> <span class='ocrx_word' id='word_1_2' title='bbox 527 154 733 239; x_wconf 72' lang='grc'><strong>6116661616.</strong></span> 
     </span>
    </p>
   </div>
   <div class='ocr_carea' id='block_1_2' title="bbox 59 328 1162 3508">
    <p class='ocr_par' dir='ltr' id='par_1_2' title="bbox 59 328 1162 3508">
     <span class='ocr_line' id='line_1_2' title="bbox 79 328 1162 405; baseline -0.004 -16"><span class='ocrx_word' id='word_1_3' title='bbox 79 335 138 401; x_wconf 86' lang='lat'><strong><em>60,</em></strong></span> <span class='ocrx_word' id='word_1_4' title='bbox 158 337 193 391; x_wconf 90' lang='grc'><strong><em>31</em></strong></span> <span class='ocrx_word' id='word_1_5' title='bbox 207 328 357 405; x_wconf 79' lang='lat' dir='ltr'><strong><em>qaae&#39;eror</em></strong></span> <span class='ocrx_word' id='word_1_6' title='bbox 367 331 494 387; x_wconf 70' lang='lat' dir='ltr'><strong><em>Ariovisti</em></strong></span> <span class='ocrx_word' id='word_1_7' title='bbox 508 329 546 386; x_wconf 91' lang='lat'><strong><em>0:</em></strong></span> <span class='ocrx_word' id='word_1_8' title='bbox 567 330 773 401; x_wconf 83' lang='lat' dir='ltr'><strong><em>qaaetariouisti</em></strong></span> <span class='ocrx_word' id='word_1_9' title='bbox 795 328 834 396; x_wconf 88' lang='lat' dir='ltr'><strong><em>B,</em></strong></span> <span class='ocrx_word' id='word_1_10' title='bbox 855 333 918 384; x_wconf 86' lang='lat' dir='ltr'><strong><em>erat</em></strong></span> <span class='ocrx_word' id='word_1_11' title='bbox 930 344 985 385; x_wconf 88' lang='lat' dir='ltr'><strong><em>om.</em></strong></span> <span class='ocrx_word' id='word_1_12' title='bbox 1002 331 1043 399; x_wconf 92' lang='lat' dir='ltr'><strong><em>N,</em></strong></span> <span class='ocrx_word' id='word_1_13' title='bbox 1071 336 1162 404; x_wconf 80' lang='lat' dir='ltr'><strong><em>quant</em></strong></span> 
     </span>
     <span class='ocr_line' id='line_1_3' title="bbox 79 413 1162 486; baseline 0.006 -17"><span class='ocrx_word' id='word_1_14' title='bbox 79 417 217 472; x_wconf 81' lang='lat' dir='ltr'><strong><em>Ariovisti</em></strong></span> <span class='ocrx_word' id='word_1_15' title='bbox 230 416 388 486; x_wconf 84' lang='lat' dir='ltr'><strong><em>suspicetur</em></strong></span> <span class='ocrx_word' id='word_1_16' title='bbox 402 413 581 470; x_wconf 83' lang='lat' dir='ltr'><strong><em>WoelfflInus</em></strong></span> <span class='ocrx_word' id='word_1_17' title='bbox 598 414 659 466; x_wconf 79' lang='lat' dir='ltr'><strong><em>fort.</em></strong></span> <span class='ocrx_word' id='word_1_18' title='bbox 676 416 797 481; x_wconf 80' lang='lat' dir='ltr'><strong><em>rectius3</em></strong></span> <span class='ocrx_word' id='word_1_19' title='bbox 817 414 851 468; x_wconf 87' lang='lat' dir='ltr'><strong><em>cl.</em></strong></span> <span class='ocrx_word' id='word_1_20' title='bbox 871 430 900 483; x_wconf 88' lang='lat' dir='ltr'><strong><em>p.</em></strong></span> <span class='ocrx_word' id='word_1_21' title='bbox 925 417 973 480; x_wconf 85' lang='lat'><strong><em>56,</em></strong></span> <span class='ocrx_word' id='word_1_22' title='bbox 994 419 1038 472; x_wconf 87' lang='grc'><strong><em>26.</em></strong></span> <span class='ocrx_word' id='word_1_23' title='bbox 1062 418 1115 484; x_wconf 83' lang='grc'><strong><em>76,</em></strong></span> <span class='ocrx_word' id='word_1_24' title='bbox 1133 421 1162 475; x_wconf 80' lang='grc'><strong><em>36</em></strong></span> 
     </span>
     <span class='ocr_line' id='line_1_4' title="bbox 81 496 1162 571; baseline -0.001 -16"><span class='ocrx_word' id='word_1_25' title='bbox 81 501 130 570; x_wconf 84' lang='grc'><strong><em>89,</em></strong></span> <span class='ocrx_word' id='word_1_26' title='bbox 146 506 188 559; x_wconf 87' lang='grc'><strong><em>21.</em></strong></span> <span class='ocrx_word' id='word_1_27' title='bbox 206 505 249 571; x_wconf 86' lang='grc'><strong><em>96,</em></strong></span> <span class='ocrx_word' id='word_1_28' title='bbox 266 503 310 560; x_wconf 74' lang='grc'><strong><em>14.</em></strong></span> <span class='ocrx_word' id='word_1_29' title='bbox 326 523 369 538; x_wconf 61' lang='grc'><strong><em>-*</em></strong></span> <span class='ocrx_word' id='word_1_30' title='bbox 382 503 424 566; x_wconf 87' lang='grc'><strong><em>61,</em></strong></span> <span class='ocrx_word' id='word_1_31' title='bbox 440 505 474 557; x_wconf 85' lang='grc'><strong><em>16</em></strong></span> <span class='ocrx_word' id='word_1_32' title='bbox 487 500 575 552; x_wconf 87' lang='lat' dir='ltr'><strong><em>maior</em></strong></span> <span class='ocrx_word' id='word_1_33' title='bbox 585 496 626 550; x_wconf 89' lang='lat' dir='ltr'><strong><em>B:</em></strong></span> <span class='ocrx_word' id='word_1_34' title='bbox 646 501 687 550; x_wconf 87' lang='lat' dir='ltr'><strong><em>set</em></strong></span> <span class='ocrx_word' id='word_1_35' title='bbox 700 499 788 552; x_wconf 86' lang='lat' dir='ltr'><strong><em>maior</em></strong></span> <span class='ocrx_word' id='word_1_36' title='bbox 798 496 832 565; x_wconf 83' lang='lat' dir='ltr'><strong><em>N,</em></strong></span> <span class='ocrx_word' id='word_1_37' title='bbox 848 502 903 552; x_wconf 87' lang='lat' dir='ltr'><strong><em>tam</em></strong></span> <span class='ocrx_word' id='word_1_38' title='bbox 917 498 1006 553; x_wconf 86' lang='lat' dir='ltr'><strong><em>maior</em></strong></span> <span class='ocrx_word' id='word_1_39' title='bbox 1016 499 1162 570; x_wconf 82' lang='lat' dir='ltr'><strong><em>suspicata</em></strong></span> 
     </span>
     <span class='ocr_line' id='line_1_5' title="bbox 85 580 1162 653; baseline -0.001 -15"><span class='ocrx_word' id='word_1_40' title='bbox 85 581 122 640; x_wconf 90' lang='lat'><strong><em>0.</em></strong></span> <span class='ocrx_word' id='word_1_41' title='bbox 139 613 178 623; x_wconf 90' lang='lat'><em>-</em></span> <span class='ocrx_word' id='word_1_42' title='bbox 194 586 243 650; x_wconf 89' lang='grc'><strong><em>61,</em></strong></span> <span class='ocrx_word' id='word_1_43' title='bbox 260 587 292 643; x_wconf 94' lang='grc'><strong><em>17</em></strong></span> <span class='ocrx_word' id='word_1_44' title='bbox 308 583 483 638; x_wconf 76' lang='lat' dir='ltr'><strong><em>Britanniam</em></strong></span> <span class='ocrx_word' id='word_1_45' title='bbox 497 581 596 637; x_wconf 87' lang='lat' dir='ltr'><strong><em>transit</em></strong></span> <span class='ocrx_word' id='word_1_46' title='bbox 609 580 646 634; x_wconf 90' lang='lat' dir='ltr'><strong><em>B:</em></strong></span> <span class='ocrx_word' id='word_1_47' title='bbox 666 595 701 634; x_wconf 88' lang='lat' dir='ltr'><strong><em>ne</em></strong></span> <span class='ocrx_word' id='word_1_48' title='bbox 716 581 777 651; x_wconf 88' lang='lat' dir='ltr'><strong><em>quis</em></strong></span> <span class='ocrx_word' id='word_1_49' title='bbox 792 583 821 635; x_wconf 93' lang='lat' dir='ltr'><strong><em>in</em></strong></span> <span class='ocrx_word' id='word_1_50' title='bbox 835 581 1027 653; x_wconf 77' lang='lat' dir='ltr'><strong><em>Britanniam,</em></strong></span> <span class='ocrx_word' id='word_1_51' title='bbox 1045 589 1075 637; x_wconf 84' lang='lat' dir='ltr'><strong><em>ul</em></strong></span> <span class='ocrx_word' id='word_1_52' title='bbox 1089 590 1134 639; x_wconf 86' lang='lat' dir='ltr'><strong><em>esl</em></strong></span> <span class='ocrx_word' id='word_1_53' title='bbox 1148 583 1162 637; x_wconf 79' lang='lat' dir='ltr'><strong><em>ii</em></strong></span> 
     </span>
     <span class='ocr_line' id='line_1_6' title="bbox 84 662 1162 739; baseline 0.001 -17"><span class='ocrx_word' id='word_1_54' title='bbox 84 665 121 736; x_wconf 91' lang='lat' dir='ltr'><strong><em>N,</em></strong></span> <span class='ocrx_word' id='word_1_55' title='bbox 132 667 262 739; x_wconf 75' lang='grc'><strong>66661661,</strong></span> <span class='ocrx_word' id='word_1_56' title='bbox 277 667 313 722; x_wconf 86' lang='grc'><strong><em>61.</em></strong></span> <span class='ocrx_word' id='word_1_57' title='bbox 328 683 357 738; x_wconf 90' lang='lat' dir='ltr'><strong><em>p.</em></strong></span> <span class='ocrx_word' id='word_1_58' title='bbox 367 671 409 734; x_wconf 83' lang='grc'><strong><em>66,</em></strong></span> <span class='ocrx_word' id='word_1_59' title='bbox 422 671 472 723; x_wconf 88' lang='lat' dir='ltr'><strong><em>ll:</em></strong></span> <span class='ocrx_word' id='word_1_60' title='bbox 490 665 623 720; x_wconf 78' lang='grc'><strong>11666616</strong></span> <span class='ocrx_word' id='word_1_61' title='bbox 635 662 734 735; x_wconf 80' lang='lat' dir='ltr'><strong><em>Syriae</em></strong></span> <span class='ocrx_word' id='word_1_62' title='bbox 746 664 966 736; x_wconf 77' lang='lat' dir='ltr'><strong><em>Damascumque</em></strong></span> <span class='ocrx_word' id='word_1_63' title='bbox 976 670 1162 738; x_wconf 81' lang='lat' dir='ltr'><strong><em>transpressar</em></strong></span> 
     </span>
     <span class='ocr_line' id='line_1_7' title="bbox 86 748 1162 819; baseline -0.002 -12"><span class='ocrx_word' id='word_1_64' title='bbox 86 758 177 819; x_wconf 44' lang='grc' dir='ltr'><strong><em>η61,</em></strong></span> <span class='ocrx_word' id='word_1_65' title='bbox 191 755 226 810; x_wconf 85' lang='grc'><strong>28</strong></span> <span class='ocrx_word' id='word_1_66' title='bbox 237 750 360 808; x_wconf 79' lang='grc'><strong>06666116</strong></span> <span class='ocrx_word' id='word_1_67' title='bbox 371 749 409 804; x_wconf 84' lang='grc' dir='ltr'><strong><em>Β;</em></strong></span> <span class='ocrx_word' id='word_1_68' title='bbox 425 750 575 804; x_wconf 72' lang='lat' dir='ltr'><strong><em>cavelianis</em></strong></span> <span class='ocrx_word' id='word_1_69' title='bbox 581 748 616 819; x_wconf 87' lang='lat' dir='ltr'><strong><em>N,</em></strong></span> <span class='ocrx_word' id='word_1_70' title='bbox 628 748 796 803; x_wconf 79' lang='lat' dir='ltr'><strong><em>Cassioelani</em></strong></span> <span class='ocrx_word' id='word_1_71' title='bbox 808 748 829 804; x_wconf 92' lang='lat'>0</span> <span class='ocrx_word' id='word_1_72' title='bbox 846 765 881 804; x_wconf 89' lang='lat' dir='ltr'><strong><em>ex</em></strong></span> <span class='ocrx_word' id='word_1_73' title='bbox 891 749 1075 805; x_wconf 86' lang='lat' dir='ltr'><strong><em>Freinshemii</em></strong></span> <span class='ocrx_word' id='word_1_74' title='bbox 1088 751 1162 815; x_wconf 72' lang='lat' dir='ltr'><strong><em>coni,</em></strong></span> 
     </span>
     <span class='ocr_line' id='line_1_8' title="bbox 88 820 1162 905; baseline -0.002 -15"><span class='ocrx_word' id='word_1_75' title='bbox 88 850 170 904; x_wconf 85' lang='lat' dir='ltr'><strong><em>quem</em></strong></span> <span class='ocrx_word' id='word_1_76' title='bbox 180 820 249 889; x_wconf 67' lang='lat' dir='ltr'><strong><em>eum&#39;</em></strong></span> <span class='ocrx_word' id='word_1_77' title='bbox 258 849 354 889; x_wconf 87' lang='lat' dir='ltr'><strong><em>veram</em></strong></span> <span class='ocrx_word' id='word_1_78' title='bbox 368 833 472 888; x_wconf 88' lang='lat' dir='ltr'><strong><em>habere</em></strong></span> <span class='ocrx_word' id='word_1_79' title='bbox 485 848 636 904; x_wconf 82' lang='lat' dir='ltr'><strong><em>nequeam,</em></strong></span> <span class='ocrx_word' id='word_1_80' title='bbox 653 828 743 886; x_wconf 71' lang='lat' dir='ltr'><strong><em>lecum</em></strong></span> <span class='ocrx_word' id='word_1_81' title='bbox 757 837 786 886; x_wconf 85' lang='lat' dir='ltr'><strong><em>ul</em></strong></span> <span class='ocrx_word' id='word_1_82' title='bbox 796 838 838 887; x_wconf 76' lang='lat' dir='ltr'><strong><em>esi</em></strong></span> <span class='ocrx_word' id='word_1_83' title='bbox 851 839 998 903; x_wconf 73' lang='lat' dir='ltr'><strong><em>corruptus</em></strong></span> <span class='ocrx_word' id='word_1_84' title='bbox 1010 834 1120 905; x_wconf 83' lang='lat' dir='ltr'><strong><em>reliqui.</em></strong></span> <span class='ocrx_word' id='word_1_85' title='bbox 1131 860 1162 873; x_wconf 90' lang='lat'>-</span> 
     </span>
     <span class='ocr_line' id='line_1_9' title="bbox 88 917 1162 991; baseline -0.005 -15"><span class='ocrx_word' id='word_1_86' title='bbox 88 922 131 987; x_wconf 89' lang='grc'><strong><em>62,</em></strong></span> <span class='ocrx_word' id='word_1_87' title='bbox 145 924 201 991; x_wconf 76' lang='lat' dir='ltr'><strong><em>let</em></strong></span> <span class='ocrx_word' id='word_1_88' title='bbox 210 918 297 974; x_wconf 77' lang='grc'><strong>1116166</strong></span> <span class='ocrx_word' id='word_1_89' title='bbox 307 921 451 973; x_wconf 86' lang='lat' dir='ltr'><strong><em>creverant</em></strong></span> <span class='ocrx_word' id='word_1_90' title='bbox 459 917 554 989; x_wconf 78' lang='lat' dir='ltr'><strong><em>Alpes]</em></strong></span> <span class='ocrx_word' id='word_1_91' title='bbox 570 917 632 972; x_wconf 79' lang='lat' dir='ltr'><strong><em>lori.</em></strong></span> <span class='ocrx_word' id='word_1_92' title='bbox 645 921 855 988; x_wconf 83' lang='lat' dir='ltr'><strong><em>concreverant,</em></strong></span> <span class='ocrx_word' id='word_1_93' title='bbox 872 917 926 972; x_wconf 88' lang='lat' dir='ltr'><strong><em>nisi</em></strong></span> <span class='ocrx_word' id='word_1_94' title='bbox 945 917 1027 973; x_wconf 80' lang='lat' dir='ltr'><strong><em>lectio</em></strong></span> <span class='ocrx_word' id='word_1_95' title='bbox 1043 919 1162 973; x_wconf 78' lang='lat' dir='ltr'><strong><em>librorum</em></strong></span> 
     </span>
     <span class='ocr_line' id='line_1_10' title="bbox 90 998 1162 1074; baseline 0 -18"><span class='ocrx_word' id='word_1_96' title='bbox 90 1019 123 1058; x_wconf 91' lang='lat' dir='ltr'><strong><em>eo</em></strong></span> <span class='ocrx_word' id='word_1_97' title='bbox 135 1004 244 1058; x_wconf 83' lang='lat' dir='ltr'><strong><em>fulcitur</em></strong></span> <span class='ocrx_word' id='word_1_98' title='bbox 260 1001 334 1074; x_wconf 87' lang='lat' dir='ltr'><strong><em>quod</em></strong></span> <span class='ocrx_word' id='word_1_99' title='bbox 345 1002 444 1056; x_wconf 91' lang='lat' dir='ltr'><strong><em>Florus</em></strong></span> <span class='ocrx_word' id='word_1_100' title='bbox 462 1018 490 1072; x_wconf 85' lang='lat' dir='ltr'><strong><em>p.</em></strong></span> <span class='ocrx_word' id='word_1_101' title='bbox 509 1006 552 1067; x_wconf 87' lang='grc'><strong><em>61,</em></strong></span> <span class='ocrx_word' id='word_1_102' title='bbox 568 1001 602 1057; x_wconf 90' lang='grc'><strong><em>13</em></strong></span> <span class='ocrx_word' id='word_1_103' title='bbox 617 998 700 1054; x_wconf 76' lang='lat' dir='ltr'><strong><em>dixils</em></strong></span> <span class='ocrx_word' id='word_1_104' title='bbox 709 1013 766 1071; x_wconf 82' lang='lat' dir='ltr'><strong><em>per</em></strong></span> <span class='ocrx_word' id='word_1_105' title='bbox 780 1000 901 1070; x_wconf 77' lang='lat' dir='ltr'><strong><em>hiemem,</em></strong></span> <span class='ocrx_word' id='word_1_106' title='bbox 913 1015 984 1072; x_wconf 82' lang='lat' dir='ltr'><strong><em>qnae</em></strong></span> <span class='ocrx_word' id='word_1_107' title='bbox 998 1002 1080 1057; x_wconf 79' lang='lat' dir='ltr'><strong><em>allieas</em></strong></span> <span class='ocrx_word' id='word_1_108' title='bbox 1090 1001 1162 1073; x_wconf 80' lang='lat' dir='ltr'><strong><em>Alpes</em></strong></span> 
     </span>
     <span class='ocr_line' id='line_1_11' title="bbox 89 1083 1162 1152; baseline -0.001 -12"><span class='ocrx_word' id='word_1_109' title='bbox 89 1089 167 1142; x_wconf 83' lang='lat' dir='ltr'><strong><em>leont.</em></strong></span> <span class='ocrx_word' id='word_1_110' title='bbox 188 1115 230 1126; x_wconf 89' lang='lat'>-</span> <span class='ocrx_word' id='word_1_111' title='bbox 246 1091 295 1152; x_wconf 91' lang='grc'><strong><em>62,</em></strong></span> <span class='ocrx_word' id='word_1_112' title='bbox 313 1089 330 1144; x_wconf 88' lang='lat'>9</span> <span class='ocrx_word' id='word_1_113' title='bbox 345 1085 452 1140; x_wconf 84' lang='lat' dir='ltr'><strong><em>sustulit</em></strong></span> <span class='ocrx_word' id='word_1_114' title='bbox 466 1084 562 1139; x_wconf 82' lang='lat' dir='ltr'><strong><em>lahnio</em></strong></span> <span class='ocrx_word' id='word_1_115' title='bbox 585 1089 697 1137; x_wconf 81' lang='lat' dir='ltr'><strong><em>auctore</em></strong></span> <span class='ocrx_word' id='word_1_116' title='bbox 716 1083 824 1138; x_wconf 80' lang='grc'><strong>6661611</strong></span> <span class='ocrx_word' id='word_1_117' title='bbox 844 1084 1038 1152; x_wconf 74' lang='grc' dir='ltr'><strong>616661661υεί;</strong></span> <span class='ocrx_word' id='word_1_118' title='bbox 1059 1087 1096 1140; x_wconf 84' lang='grc'><strong><em>61.</em></strong></span> <span class='ocrx_word' id='word_1_119' title='bbox 1113 1086 1162 1140; x_wconf 77' lang='lat' dir='ltr'><strong><em>eius</em></strong></span> 
     </span>
     <span class='ocr_line' id='line_1_12' title="bbox 89 1166 1162 1241; baseline 0.001 -17"><span class='ocrx_word' id='word_1_120' title='bbox 89 1172 177 1241; x_wconf 85' lang='lat' dir='ltr'><strong><em>prael.</em></strong></span> <span class='ocrx_word' id='word_1_121' title='bbox 204 1186 231 1240; x_wconf 88' lang='lat' dir='ltr'><strong><em>p.</em></strong></span> <span class='ocrx_word' id='word_1_122' title='bbox 246 1168 356 1224; x_wconf 86' lang='lat' dir='ltr'>XVIIII.</span> <span class='ocrx_word' id='word_1_123' title='bbox 373 1196 417 1210; x_wconf 85' lang='lat'>—</span> <span class='ocrx_word' id='word_1_124' title='bbox 438 1172 486 1236; x_wconf 89' lang='grc'><strong><em>62,</em></strong></span> <span class='ocrx_word' id='word_1_125' title='bbox 501 1170 536 1226; x_wconf 87' lang='grc'><strong>29</strong></span> <span class='ocrx_word' id='word_1_126' title='bbox 548 1167 640 1222; x_wconf 74' lang='lat' dir='ltr'><strong><em>entus</em></strong></span> <span class='ocrx_word' id='word_1_127' title='bbox 654 1167 878 1223; x_wconf 82' lang='lat' dir='ltr'><strong><em>FreInshemius:</em></strong></span> <span class='ocrx_word' id='word_1_128' title='bbox 895 1166 1020 1224; x_wconf 78' lang='lat' dir='ltr'><strong><em>Metellae</em></strong></span> <span class='ocrx_word' id='word_1_129' title='bbox 1034 1167 1116 1225; x_wconf 89' lang='lat' dir='ltr'><strong>BNO.</strong></span> <span class='ocrx_word' id='word_1_130' title='bbox 1131 1196 1162 1208; x_wconf 90' lang='lat'><strong><em>—-</em></strong></span> 
     </span>
     <span class='ocr_line' id='line_1_13' title="bbox 89 1250 1162 1321; baseline -0.01 -7"><span class='ocrx_word' id='word_1_131' title='bbox 89 1259 138 1321; x_wconf 89' lang='grc'><strong><em>62,</em></strong></span> <span class='ocrx_word' id='word_1_132' title='bbox 160 1257 194 1312; x_wconf 92' lang='grc'><strong><em>32</em></strong></span> <span class='ocrx_word' id='word_1_133' title='bbox 215 1252 304 1309; x_wconf 79' lang='lat' dir='ltr'><strong><em>Orode</em></strong></span> <span class='ocrx_word' id='word_1_134' title='bbox 317 1252 355 1307; x_wconf 92' lang='lat' dir='ltr'><strong><em>N:</em></strong></span> <span class='ocrx_word' id='word_1_135' title='bbox 377 1252 488 1306; x_wconf 84' lang='lat' dir='ltr'><strong><em>Herode</em></strong></span> <span class='ocrx_word' id='word_1_136' title='bbox 502 1250 560 1307; x_wconf 88' lang='grc' dir='ltr'><strong><em>ΒΟ.</em></strong></span> <span class='ocrx_word' id='word_1_137' title='bbox 577 1278 620 1290; x_wconf 92' lang='lat'>-</span> <span class='ocrx_word' id='word_1_138' title='bbox 635 1253 684 1318; x_wconf 91' lang='grc'><strong><em>62,</em></strong></span> <span class='ocrx_word' id='word_1_139' title='bbox 699 1254 734 1309; x_wconf 79' lang='grc'><strong><em>31</em></strong></span> <span class='ocrx_word' id='word_1_140' title='bbox 748 1253 911 1306; x_wconf 79' lang='lat' dir='ltr'><strong><em>menanr&#39;ssei</em></strong></span> <span class='ocrx_word' id='word_1_141' title='bbox 922 1258 965 1308; x_wconf 89' lang='lat' dir='ltr'><strong><em>set</em></strong></span> <span class='ocrx_word' id='word_1_142' title='bbox 980 1253 1001 1309; x_wconf 90' lang='lat'>0</span> <span class='ocrx_word' id='word_1_143' title='bbox 1019 1253 1048 1306; x_wconf 92' lang='lat' dir='ltr'><strong><em>in</em></strong></span> <span class='ocrx_word' id='word_1_144' title='bbox 1061 1252 1162 1308; x_wconf 70' lang='lat' dir='ltr'><strong><em>adnot:</em></strong></span> 
     </span>
     <span class='ocr_line' id='line_1_14' title="bbox 88 1334 1162 1408; baseline 0 -16"><span class='ocrx_word' id='word_1_145' title='bbox 88 1343 194 1392; x_wconf 86' lang='lat' dir='ltr'><strong><em>setam.</em></strong></span> <span class='ocrx_word' id='word_1_146' title='bbox 209 1335 275 1408; x_wconf 89' lang='grc' dir='ltr'><strong><em>ΒΝ,</em></strong></span> <span class='ocrx_word' id='word_1_147' title='bbox 295 1334 346 1391; x_wconf 83' lang='grc'><strong><em>666</em></strong></span> <span class='ocrx_word' id='word_1_148' title='bbox 360 1334 384 1390; x_wconf 91' lang='grc' dir='ltr'>Β</span> <span class='ocrx_word' id='word_1_149' title='bbox 400 1335 440 1391; x_wconf 87' lang='lat' dir='ltr'><strong><em>sic</em></strong></span> <span class='ocrx_word' id='word_1_150' title='bbox 450 1335 548 1390; x_wconf 83' lang='lat' dir='ltr'><strong><em>habet:</em></strong></span> <span class='ocrx_word' id='word_1_151' title='bbox 568 1335 691 1388; x_wconf 86' lang='lat' dir='ltr'><strong><em>meminis</em></strong></span> <span class='ocrx_word' id='word_1_152' title='bbox 708 1341 750 1390; x_wconf 83' lang='lat' dir='ltr'><strong><em>set</em></strong></span> <span class='ocrx_word' id='word_1_153' title='bbox 766 1363 796 1375; x_wconf 87' lang='lat'>-</span> <span class='ocrx_word' id='word_1_154' title='bbox 816 1337 905 1398; x_wconf 76' lang='grc'><strong>6317</strong></span> <span class='ocrx_word' id='word_1_155' title='bbox 922 1337 971 1392; x_wconf 81' lang='lat' dir='ltr'><strong><em>oie</em></strong></span> <span class='ocrx_word' id='word_1_156' title='bbox 985 1337 1162 1392; x_wconf 72' lang='grc'><strong>6166616661</strong></span> 
     </span>
     <span class='ocr_line' id='line_1_15' title="bbox 88 1419 1162 1493; baseline 0 -18"><span class='ocrx_word' id='word_1_157' title='bbox 88 1422 213 1476; x_wconf 85' lang='lat' dir='ltr'><strong><em>nuntiam</em></strong></span> <span class='ocrx_word' id='word_1_158' title='bbox 225 1421 264 1491; x_wconf 91' lang='lat' dir='ltr'><strong><em>lp.</em></strong></span> <span class='ocrx_word' id='word_1_159' title='bbox 280 1448 322 1460; x_wconf 89' lang='grc'>-</span> <span class='ocrx_word' id='word_1_160' title='bbox 346 1423 395 1488; x_wconf 88' lang='grc'><strong><em>63,</em></strong></span> <span class='ocrx_word' id='word_1_161' title='bbox 413 1425 444 1476; x_wconf 94' lang='grc'><strong><em>11</em></strong></span> <span class='ocrx_word' id='word_1_162' title='bbox 461 1419 576 1475; x_wconf 78' lang='lat' dir='ltr'><strong><em>lostmm</em></strong></span> <span class='ocrx_word' id='word_1_163' title='bbox 589 1419 617 1493; x_wconf 84' lang='lat' dir='ltr'><strong><em>in</em></strong></span> <span class='ocrx_word' id='word_1_164' title='bbox 628 1433 727 1474; x_wconf 88' lang='lat' dir='ltr'><strong><em>manas</em></strong></span> <span class='ocrx_word' id='word_1_165' title='bbox 741 1419 780 1473; x_wconf 90' lang='lat' dir='ltr'><strong><em>H:</em></strong></span> <span class='ocrx_word' id='word_1_166' title='bbox 795 1421 824 1473; x_wconf 92' lang='lat' dir='ltr'><strong><em>in</em></strong></span> <span class='ocrx_word' id='word_1_167' title='bbox 835 1437 891 1474; x_wconf 87' lang='lat' dir='ltr'><strong><em>orn.</em></strong></span> <span class='ocrx_word' id='word_1_168' title='bbox 908 1419 965 1488; x_wconf 88' lang='grc' dir='ltr'><strong><em>ΒΟ,</em></strong></span> <span class='ocrx_word' id='word_1_169' title='bbox 982 1426 1046 1476; x_wconf 85' lang='lat' dir='ltr'><strong><em>aute</em></strong></span> <span class='ocrx_word' id='word_1_170' title='bbox 1060 1420 1162 1476; x_wconf 81' lang='lat' dir='ltr'><strong><em>nostium</em></strong></span> 
     </span>
     <span class='ocr_line' id='line_1_16' title="bbox 59 1502 1162 1575; baseline -0.002 -16"><span class='ocrx_word' id='word_1_171' title='bbox 59 1546 61 1551; x_wconf 87' lang='lat'><em>.</em></span> <span class='ocrx_word' id='word_1_172' title='bbox 89 1505 172 1560; x_wconf 78' lang='lat' dir='ltr'><strong><em>habet</em></strong></span> <span class='ocrx_word' id='word_1_173' title='bbox 187 1505 220 1560; x_wconf 90' lang='lat' dir='ltr'><strong><em>N.</em></strong></span> <span class='ocrx_word' id='word_1_174' title='bbox 242 1503 282 1560; x_wconf 83' lang='lat' dir='ltr'><strong><em>Gi.</em></strong></span> <span class='ocrx_word' id='word_1_175' title='bbox 298 1520 325 1575; x_wconf 91' lang='lat' dir='ltr'><strong><em>p.</em></strong></span> <span class='ocrx_word' id='word_1_176' title='bbox 341 1507 389 1571; x_wconf 78' lang='lat'><strong><em>49,</em></strong></span> <span class='ocrx_word' id='word_1_177' title='bbox 406 1506 438 1561; x_wconf 93' lang='grc'><strong><em>17</em></strong></span> <span class='ocrx_word' id='word_1_178' title='bbox 450 1502 544 1559; x_wconf 86' lang='lat' dir='ltr'><strong><em>Saliae</em></strong></span> <span class='ocrx_word' id='word_1_179' title='bbox 553 1505 582 1557; x_wconf 89' lang='lat' dir='ltr'><strong><em>in</em></strong></span> <span class='ocrx_word' id='word_1_180' title='bbox 593 1519 704 1557; x_wconf 84' lang='lat' dir='ltr'><strong><em>manum</em></strong></span> <span class='ocrx_word' id='word_1_181' title='bbox 715 1504 844 1558; x_wconf 82' lang='lat' dir='ltr'><strong><em>traditur.</em></strong></span> <span class='ocrx_word' id='word_1_182' title='bbox 855 1531 899 1544; x_wconf 85' lang='lat'><em>-</em></span> <span class='ocrx_word' id='word_1_183' title='bbox 918 1507 969 1571; x_wconf 81' lang='lat'><strong><em>63,</em></strong></span> <span class='ocrx_word' id='word_1_184' title='bbox 984 1508 1021 1562; x_wconf 81' lang='grc'><strong>24</strong></span> <span class='ocrx_word' id='word_1_185' title='bbox 1033 1506 1083 1559; x_wconf 89' lang='lat' dir='ltr'><strong><em>illa</em></strong></span> <span class='ocrx_word' id='word_1_186' title='bbox 1094 1505 1162 1560; x_wconf 86' lang='lat' dir='ltr'><strong><em>tertio</em></strong></span> 
     </span>
     <span class='ocr_line' id='line_1_17' title="bbox 89 1586 1162 1658; baseline 0 -16"><span class='ocrx_word' id='word_1_187' title='bbox 89 1587 247 1644; x_wconf 77' lang='lat' dir='ltr'><strong><em>aetastO:</em></strong></span> <span class='ocrx_word' id='word_1_188' title='bbox 266 1590 345 1643; x_wconf 86' lang='lat' dir='ltr'><strong><em>tertia</em></strong></span> <span class='ocrx_word' id='word_1_189' title='bbox 361 1603 414 1642; x_wconf 88' lang='lat' dir='ltr'><strong><em>om.</em></strong></span> <span class='ocrx_word' id='word_1_190' title='bbox 432 1586 471 1656; x_wconf 89' lang='lat' dir='ltr'><strong><em>B;</em></strong></span> <span class='ocrx_word' id='word_1_191' title='bbox 496 1586 575 1642; x_wconf 85' lang='lat' dir='ltr'><strong><em>haud</em></strong></span> <span class='ocrx_word' id='word_1_192' title='bbox 592 1586 651 1641; x_wconf 83' lang='lat' dir='ltr'><strong><em>selo</em></strong></span> <span class='ocrx_word' id='word_1_193' title='bbox 670 1602 705 1640; x_wconf 89' lang='lat' dir='ltr'><strong><em>an</em></strong></span> <span class='ocrx_word' id='word_1_194' title='bbox 723 1587 805 1642; x_wconf 81' lang='lat' dir='ltr'><strong><em>luerit</em></strong></span> <span class='ocrx_word' id='word_1_195' title='bbox 822 1589 961 1642; x_wconf 81' lang='lat' dir='ltr'><strong><em>tertiailla</em></strong></span> <span class='ocrx_word' id='word_1_196' title='bbox 974 1593 1065 1658; x_wconf 88' lang='lat' dir='ltr'><strong><em>aetas,</em></strong></span> <span class='ocrx_word' id='word_1_197' title='bbox 1087 1593 1117 1643; x_wconf 87' lang='lat' dir='ltr'><strong><em>ut</em></strong></span> <span class='ocrx_word' id='word_1_198' title='bbox 1131 1602 1162 1642; x_wconf 66' lang='lat' dir='ltr'><strong><em>esi</em></strong></span> 
     </span>
     <span class='ocr_line' id='line_1_18' title="bbox 89 1669 1162 1746; baseline -0.004 -15"><span class='ocrx_word' id='word_1_199' title='bbox 89 1690 117 1743; x_wconf 82' lang='lat' dir='ltr'><strong><em>p.</em></strong></span> <span class='ocrx_word' id='word_1_200' title='bbox 130 1675 174 1741; x_wconf 93' lang='grc'><strong><em>76,</em></strong></span> <span class='ocrx_word' id='word_1_201' title='bbox 184 1677 218 1730; x_wconf 90' lang='grc'><strong><em>26</em></strong></span> <span class='ocrx_word' id='word_1_202' title='bbox 231 1674 325 1727; x_wconf 85' lang='lat' dir='ltr'><strong><em>tertios</em></strong></span> <span class='ocrx_word' id='word_1_203' title='bbox 335 1673 379 1726; x_wconf 87' lang='lat' dir='ltr'><strong><em>ille</em></strong></span> <span class='ocrx_word' id='word_1_204' title='bbox 389 1671 476 1726; x_wconf 84' lang='lat' dir='ltr'><strong><em>turbo.</em></strong></span> <span class='ocrx_word' id='word_1_205' title='bbox 492 1681 534 1712; x_wconf 76' lang='grc'><strong><em>’-</em></strong></span> <span class='ocrx_word' id='word_1_206' title='bbox 551 1674 600 1740; x_wconf 87' lang='grc'><strong><em>66,</em></strong></span> <span class='ocrx_word' id='word_1_207' title='bbox 618 1669 683 1728; x_wconf 87' lang='grc'><strong><em>866</em></strong></span> <span class='ocrx_word' id='word_1_208' title='bbox 697 1671 837 1725; x_wconf 84' lang='lat' dir='ltr'><strong><em>verbisne</em></strong></span> <span class='ocrx_word' id='word_1_209' title='bbox 845 1673 966 1742; x_wconf 84' lang='lat' dir='ltr'><strong><em>populas</em></strong></span> <span class='ocrx_word' id='word_1_210' title='bbox 975 1703 1020 1715; x_wconf 87' lang='lat'><strong>—</strong></span> <span class='ocrx_word' id='word_1_211' title='bbox 1032 1701 1070 1746; x_wconf 86' lang='lat'><strong><em>·.·</em></strong></span> <span class='ocrx_word' id='word_1_212' title='bbox 1083 1684 1162 1744; x_wconf 80' lang='lat' dir='ltr'><strong><em>apere</em></strong></span> 
     </span>
     <span class='ocr_line' id='line_1_19' title="bbox 89 1754 1162 1826; baseline 0.001 -16"><span class='ocrx_word' id='word_1_213' title='bbox 89 1774 118 1810; x_wconf 88' lang='lat' dir='ltr'><strong><em>v.</em></strong></span> <span class='ocrx_word' id='word_1_214' title='bbox 131 1755 220 1810; x_wconf 84' lang='lat' dir='ltr'><strong><em>lchnii</em></strong></span> <span class='ocrx_word' id='word_1_215' title='bbox 237 1757 325 1826; x_wconf 83' lang='lat' dir='ltr'><strong><em>praei.</em></strong></span> <span class='ocrx_word' id='word_1_216' title='bbox 343 1770 370 1824; x_wconf 88' lang='lat' dir='ltr'><strong><em>p.</em></strong></span> <span class='ocrx_word' id='word_1_217' title='bbox 382 1754 483 1808; x_wconf 87' lang='lat' dir='ltr'>XXIIII</span> <span class='ocrx_word' id='word_1_218' title='bbox 495 1769 539 1824; x_wconf 88' lang='lat' dir='ltr'><strong><em>sq.</em></strong></span> <span class='ocrx_word' id='word_1_219' title='bbox 562 1781 605 1792; x_wconf 93' lang='lat'><strong>—</strong></span> <span class='ocrx_word' id='word_1_220' title='bbox 626 1754 671 1822; x_wconf 89' lang='grc'><strong><em>67,</em></strong></span> <span class='ocrx_word' id='word_1_221' title='bbox 689 1754 814 1811; x_wconf 79' lang='grc'><strong>18611616</strong></span> <span class='ocrx_word' id='word_1_222' title='bbox 831 1755 954 1810; x_wconf 83' lang='lat' dir='ltr'><strong><em>nobilitas</em></strong></span> <span class='ocrx_word' id='word_1_223' title='bbox 970 1761 1162 1812; x_wconf 79' lang='lat' dir='ltr'><strong><em>monacorum</em></strong></span> 
     </span>
     <span class='ocr_line' id='line_1_20' title="bbox 90 1836 1162 1910; baseline 0.002 -17"><span class='ocrx_word' id='word_1_224' title='bbox 90 1853 157 1910; x_wconf 77' lang='lat' dir='ltr'><strong><em>qaas</em></strong></span> <span class='ocrx_word' id='word_1_225' title='bbox 168 1841 244 1910; x_wconf 80' lang='lat' dir='ltr'><strong><em>apris</em></strong></span> <span class='ocrx_word' id='word_1_226' title='bbox 259 1842 394 1906; x_wconf 79' lang='lat' dir='ltr'><strong><em>moverat,</em></strong></span> <span class='ocrx_word' id='word_1_227' title='bbox 416 1838 514 1892; x_wconf 82' lang='lat' dir='ltr'><strong><em>cedere</em></strong></span> <span class='ocrx_word' id='word_1_228' title='bbox 528 1853 547 1891; x_wconf 95' lang='lat' dir='ltr'><strong><em>a</em></strong></span> <span class='ocrx_word' id='word_1_229' title='bbox 559 1836 624 1908; x_wconf 79' lang='lat' dir='ltr'><strong><em>soro</em></strong></span> <span class='ocrx_word' id='word_1_230' title='bbox 640 1841 724 1908; x_wconf 79' lang='lat' dir='ltr'><strong><em>coepit</em></strong></span> <span class='ocrx_word' id='word_1_231' title='bbox 736 1837 775 1892; x_wconf 91' lang='lat' dir='ltr'><strong><em>H:</em></strong></span> <span class='ocrx_word' id='word_1_232' title='bbox 799 1838 875 1895; x_wconf 75' lang='lat' dir='ltr'><strong><em>aloia</em></strong></span> <span class='ocrx_word' id='word_1_233' title='bbox 888 1839 1014 1895; x_wconf 72' lang='lat' dir='ltr'><strong><em>nobilitas</em></strong></span> <span class='ocrx_word' id='word_1_234' title='bbox 1027 1856 1112 1896; x_wconf 83' lang='lat' dir='ltr'><strong><em>mann</em></strong></span> <span class='ocrx_word' id='word_1_235' title='bbox 1128 1853 1162 1895; x_wconf 87' lang='lat' dir='ltr'><strong><em>eo·</em></strong></span> 
     </span>
     <span class='ocr_line' id='line_1_21' title="bbox 90 1920 1162 1994; baseline 0.002 -18"><span class='ocrx_word' id='word_1_236' title='bbox 90 1937 160 1990; x_wconf 87' lang='lat' dir='ltr'><strong><em>ram,</em></strong></span> <span class='ocrx_word' id='word_1_237' title='bbox 177 1936 247 1994; x_wconf 83' lang='lat' dir='ltr'><strong><em>qnos·</em></strong></span> <span class='ocrx_word' id='word_1_238' title='bbox 256 1924 333 1994; x_wconf 81' lang='lat' dir='ltr'><strong><em>apris</em></strong></span> <span class='ocrx_word' id='word_1_239' title='bbox 347 1926 477 1976; x_wconf 87' lang='lat' dir='ltr'><strong><em>manerat.</em></strong></span> <span class='ocrx_word' id='word_1_240' title='bbox 505 1920 603 1975; x_wconf 81' lang='lat' dir='ltr'><strong><em>caedes</em></strong></span> <span class='ocrx_word' id='word_1_241' title='bbox 620 1937 638 1973; x_wconf 94' lang='lat' dir='ltr'><strong><em>a</em></strong></span> <span class='ocrx_word' id='word_1_242' title='bbox 655 1920 720 1992; x_wconf 84' lang='lat' dir='ltr'><strong><em>foro</em></strong></span> <span class='ocrx_word' id='word_1_243' title='bbox 735 1924 821 1993; x_wconf 83' lang='lat' dir='ltr'><strong><em>coepit</em></strong></span> <span class='ocrx_word' id='word_1_244' title='bbox 835 1921 892 1978; x_wconf 88' lang='grc' dir='ltr'><strong><em>ΒΟ.</em></strong></span> <span class='ocrx_word' id='word_1_245' title='bbox 940 1922 1061 1978; x_wconf 84' lang='lat' dir='ltr'><strong><em>Caedem</em></strong></span> <span class='ocrx_word' id='word_1_246' title='bbox 1073 1925 1110 1979; x_wconf 58' lang='lat' dir='ltr'><strong><em>„in</em></strong></span> <span class='ocrx_word' id='word_1_247' title='bbox 1124 1921 1162 1979; x_wconf 86' lang='lat' dir='ltr'><strong><em>Ca·</em></strong></span> 
     </span>
     <span class='ocr_line' id='line_1_22' title="bbox 71 2004 1161 2075; baseline 0.003 -17"><span class='ocrx_word' id='word_1_248' title='bbox 71 2005 184 2075; x_wconf 84' lang='lat' dir='ltr'><strong><em>¹pitelio</em></strong></span> <span class='ocrx_word' id='word_1_249' title='bbox 202 2005 312 2060; x_wconf 86' lang='lat' dir='ltr'><strong><em>demum</em></strong></span> <span class='ocrx_word' id='word_1_250' title='bbox 332 2005 438 2059; x_wconf 83' lang='lat' dir='ltr'><strong><em>initium</em></strong></span> <span class='ocrx_word' id='word_1_251' title='bbox 454 2004 564 2075; x_wconf 78' lang='lat' dir='ltr'><strong><em>cepisse</em></strong></span> <span class='ocrx_word' id='word_1_252' title='bbox 584 2004 667 2059; x_wconf 82' lang='lat' dir='ltr'><strong><em>eliam</em></strong></span> <span class='ocrx_word' id='word_1_253' title='bbox 679 2005 809 2062; x_wconf 85' lang='lat' dir='ltr'><strong><em>Aurelius</em></strong></span> <span class='ocrx_word' id='word_1_254' title='bbox 827 2007 921 2063; x_wconf 77' lang='lat' dir='ltr'><strong><em>Vlcior</em></strong></span> <span class='ocrx_word' id='word_1_255' title='bbox 940 2014 1054 2063; x_wconf 82' lang='lat' dir='ltr'><strong><em>testatur</em></strong></span> <span class='ocrx_word' id='word_1_256' title='bbox 1066 2007 1161 2063; x_wconf 76' lang='grc'><strong>661111</strong></span> 
     </span>
     <span class='ocr_line' id='line_1_23' title="bbox 89 2089 1162 2162; baseline 0.003 -19"><span class='ocrx_word' id='word_1_257' title='bbox 89 2091 186 2146; x_wconf 83' lang='lat' dir='ltr'><strong><em>illustr.</em></strong></span> <span class='ocrx_word' id='word_1_258' title='bbox 204 2106 228 2147; x_wconf 87' lang='lat' dir='ltr'><strong><em>c.</em></strong></span> <span class='ocrx_word' id='word_1_259' title='bbox 251 2094 301 2148; x_wconf 77' lang='lat'><strong><em>64:</em></strong></span> <span class='ocrx_word' id='word_1_260' title='bbox 324 2089 421 2144; x_wconf 78' lang='grc'><strong>1161666</strong></span> <span class='ocrx_word' id='word_1_261' title='bbox 440 2103 502 2145; x_wconf 85' lang='lat' dir='ltr'><strong><em>eum</em></strong></span> <span class='ocrx_word' id='word_1_262' title='bbox 518 2102 677 2161; x_wconf 79' lang='lat' dir='ltr'><strong><em>proropare</em></strong></span> <span class='ocrx_word' id='word_1_263' title='bbox 700 2089 752 2145; x_wconf 86' lang='lat' dir='ltr'><strong><em>sibi</em></strong></span> <span class='ocrx_word' id='word_1_264' title='bbox 767 2095 926 2160; x_wconf 84' lang='lat' dir='ltr'><strong><em>potestatem</em></strong></span> <span class='ocrx_word' id='word_1_265' title='bbox 940 2091 1029 2162; x_wconf 85' lang='lat' dir='ltr'><strong><em>vellet,</em></strong></span> <span class='ocrx_word' id='word_1_266' title='bbox 1050 2092 1162 2148; x_wconf 80' lang='lat' dir='ltr'><strong><em>aduersi</em></strong></span> 
     </span>
     <span class='ocr_line' id='line_1_24' title="bbox 88 2174 1162 2247; baseline 0.002 -20"><span class='ocrx_word' id='word_1_267' title='bbox 88 2175 218 2244; x_wconf 80' lang='lat' dir='ltr'><strong><em>auspiciis</em></strong></span> <span class='ocrx_word' id='word_1_268' title='bbox 244 2176 272 2229; x_wconf 86' lang='lat' dir='ltr'><strong><em>in</em></strong></span> <span class='ocrx_word' id='word_1_269' title='bbox 291 2174 430 2245; x_wconf 81' lang='lat' dir='ltr'><strong><em>publicem</em></strong></span> <span class='ocrx_word' id='word_1_270' title='bbox 442 2176 580 2246; x_wconf 83' lang='lat' dir='ltr'><strong><em>processit</em></strong></span> <span class='ocrx_word' id='word_1_271' title='bbox 598 2175 741 2246; x_wconf 75' lang='lat' dir='ltr'><strong><em>statimqne</em></strong></span> <span class='ocrx_word' id='word_1_272' title='bbox 762 2175 920 2244; x_wconf 81' lang='lat' dir='ltr'><strong><em>Capitolium</em></strong></span> <span class='ocrx_word' id='word_1_273' title='bbox 939 2178 1021 2247; x_wconf 77' lang='lat' dir='ltr'><strong><em>petiit</em></strong></span> <span class='ocrx_word' id='word_1_274' title='bbox 1039 2182 1090 2231; x_wconf 87' lang='grc'><strong>616.</strong></span> <span class='ocrx_word' id='word_1_275' title='bbox 1134 2175 1162 2230; x_wconf 83' lang='lat' dir='ltr'><strong><em>ln</em></strong></span> 
     </span>
     <span class='ocr_line' id='line_1_25' title="bbox 91 2257 1162 2332; baseline 0.002 -21"><span class='ocrx_word' id='word_1_276' title='bbox 91 2273 155 2312; x_wconf 90' lang='lat' dir='ltr'><strong><em>voc.</em></strong></span> <span class='ocrx_word' id='word_1_277' title='bbox 167 2257 244 2314; x_wconf 82' lang='lat' dir='ltr'><strong><em>abela</em></strong></span> <span class='ocrx_word' id='word_1_278' title='bbox 256 2265 365 2327; x_wconf 84' lang='lat' dir='ltr'><strong><em>eutem,</em></strong></span> <span class='ocrx_word' id='word_1_279' title='bbox 381 2259 456 2330; x_wconf 86' lang='lat' dir='ltr'><strong><em>quod</em></strong></span> <span class='ocrx_word' id='word_1_280' title='bbox 471 2263 516 2314; x_wconf 84' lang='lat' dir='ltr'><strong><em>est</em></strong></span> <span class='ocrx_word' id='word_1_281' title='bbox 526 2258 601 2313; x_wconf 89' lang='lat' dir='ltr'><strong><em>idem</em></strong></span> <span class='ocrx_word' id='word_1_282' title='bbox 613 2257 688 2329; x_wconf 86' lang='lat' dir='ltr'><strong><em>quod</em></strong></span> <span class='ocrx_word' id='word_1_283' title='bbox 703 2258 807 2314; x_wconf 77' lang='lat' dir='ltr'><strong><em>obviam</em></strong></span> <span class='ocrx_word' id='word_1_284' title='bbox 817 2257 945 2330; x_wconf 81' lang='lat' dir='ltr'><strong><em>profecta</em></strong></span> <span class='ocrx_word' id='word_1_285' title='bbox 956 2262 1003 2315; x_wconf 88' lang='lat' dir='ltr'><strong><em>vel</em></strong></span> <span class='ocrx_word' id='word_1_286' title='bbox 1010 2273 1162 2332; x_wconf 79' lang='lat' dir='ltr'><strong><em>propreseo</em></strong></span> 
     </span>
     <span class='ocr_line' id='line_1_26' title="bbox 89 2340 1162 2416; baseline 0.003 -21"><span class='ocrx_word' id='word_1_287' title='bbox 89 2357 119 2395; x_wconf 91' lang='lat' dir='ltr'><strong><em>v.</em></strong></span> <span class='ocrx_word' id='word_1_288' title='bbox 134 2357 161 2411; x_wconf 88' lang='lat' dir='ltr'><strong><em>p.</em></strong></span> <span class='ocrx_word' id='word_1_289' title='bbox 179 2344 222 2409; x_wconf 89' lang='grc'><strong>67,</strong></span> <span class='ocrx_word' id='word_1_290' title='bbox 241 2348 272 2399; x_wconf 89' lang='grc'><strong><em>11</em></strong></span> <span class='ocrx_word' id='word_1_291' title='bbox 295 2347 391 2411; x_wconf 75' lang='lat'><strong>01333</strong></span> <span class='ocrx_word' id='word_1_292' title='bbox 418 2360 447 2414; x_wconf 86' lang='lat' dir='ltr'><strong><em>p.</em></strong></span> <span class='ocrx_word' id='word_1_293' title='bbox 464 2347 507 2410; x_wconf 91' lang='grc'><strong><em>79,</em></strong></span> <span class='ocrx_word' id='word_1_294' title='bbox 528 2348 572 2401; x_wconf 90' lang='grc'><strong><em>21.</em></strong></span> <span class='ocrx_word' id='word_1_295' title='bbox 607 2340 733 2398; x_wconf 85' lang='lat' dir='ltr'><strong><em>Ceterum</em></strong></span> <span class='ocrx_word' id='word_1_296' title='bbox 750 2343 844 2413; x_wconf 85' lang='lat' dir='ltr'><strong><em>possis</em></strong></span> <span class='ocrx_word' id='word_1_297' title='bbox 859 2343 942 2399; x_wconf 81' lang='lat' dir='ltr'><strong><em>eiiam</em></strong></span> <span class='ocrx_word' id='word_1_298' title='bbox 956 2343 1054 2409; x_wconf 80' lang='lat' dir='ltr'><strong><em>caedes</em></strong></span> <span class='ocrx_word' id='word_1_299' title='bbox 1078 2361 1096 2397; x_wconf 92' lang='lat' dir='ltr'><strong><em>a</em></strong></span> <span class='ocrx_word' id='word_1_300' title='bbox 1108 2341 1162 2416; x_wconf 76' lang='lat' dir='ltr'><strong><em>sors</em></strong></span> 
     </span>
     <span class='ocr_line' id='line_1_27' title="bbox 90 2424 1162 2499; baseline 0.006 -23"><span class='ocrx_word' id='word_1_301' title='bbox 90 2426 239 2478; x_wconf 77' lang='lat' dir='ltr'><strong><em>mutarem</em></strong></span> <span class='ocrx_word' id='word_1_302' title='bbox 257 2427 353 2481; x_wconf 82' lang='lat' dir='ltr'><strong><em>coclers</em></strong></span> <span class='ocrx_word' id='word_1_303' title='bbox 361 2426 441 2498; x_wconf 76' lang='lat' dir='ltr'><strong><em>soro,</em></strong></span> <span class='ocrx_word' id='word_1_304' title='bbox 458 2424 534 2497; x_wconf 91' lang='lat' dir='ltr'><strong><em>quod</em></strong></span> <span class='ocrx_word' id='word_1_305' title='bbox 547 2425 623 2480; x_wconf 86' lang='lat' dir='ltr'><strong><em>haud</em></strong></span> <span class='ocrx_word' id='word_1_306' title='bbox 639 2426 697 2481; x_wconf 81' lang='lat' dir='ltr'><strong><em>selo</em></strong></span> <span class='ocrx_word' id='word_1_307' title='bbox 713 2441 748 2479; x_wconf 86' lang='lat' dir='ltr'><strong><em>an</em></strong></span> <span class='ocrx_word' id='word_1_308' title='bbox 761 2426 976 2497; x_wconf 84' lang='lat' dir='ltr'><strong><em>praeterendum</em></strong></span> <span class='ocrx_word' id='word_1_309' title='bbox 989 2428 1040 2496; x_wconf 81' lang='lat' dir='ltr'><strong><em>sit;</em></strong></span> <span class='ocrx_word' id='word_1_310' title='bbox 1062 2446 1090 2484; x_wconf 89' lang='lat' dir='ltr'><strong><em>v.</em></strong></span> <span class='ocrx_word' id='word_1_311' title='bbox 1105 2442 1162 2499; x_wconf 73' lang='lat' dir='ltr'><strong><em>pag</em></strong></span> 
     </span>
     <span class='ocr_line' id='line_1_28' title="bbox 91 2509 1162 2580; baseline 0.005 -16"><span class='ocrx_word' id='word_1_312' title='bbox 91 2511 140 2573; x_wconf 90' lang='grc'><strong><em>36,</em></strong></span> <span class='ocrx_word' id='word_1_313' title='bbox 155 2513 189 2566; x_wconf 92' lang='grc'><strong><em>21</em></strong></span> <span class='ocrx_word' id='word_1_314' title='bbox 203 2510 277 2562; x_wconf 89' lang='lat' dir='ltr'><strong><em>mari</em></strong></span> <span class='ocrx_word' id='word_1_315' title='bbox 288 2524 324 2562; x_wconf 88' lang='lat' dir='ltr'><strong><em>ac</em></strong></span> <span class='ocrx_word' id='word_1_316' title='bbox 335 2515 413 2563; x_wconf 87' lang='lat' dir='ltr'><strong><em>terra</em></strong></span> <span class='ocrx_word' id='word_1_317' title='bbox 423 2509 521 2564; x_wconf 82' lang='lat' dir='ltr'><strong><em>cedere</em></strong></span> <span class='ocrx_word' id='word_1_318' title='bbox 534 2511 621 2580; x_wconf 79' lang='lat' dir='ltr'><strong><em>coipit</em></strong></span> <span class='ocrx_word' id='word_1_319' title='bbox 633 2516 660 2562; x_wconf 87' lang='lat' dir='ltr'><strong><em>et</em></strong></span> <span class='ocrx_word' id='word_1_320' title='bbox 674 2513 723 2573; x_wconf 90' lang='grc'><strong><em>36,</em></strong></span> <span class='ocrx_word' id='word_1_321' title='bbox 737 2513 772 2566; x_wconf 87' lang='grc'><strong>30</strong></span> <span class='ocrx_word' id='word_1_322' title='bbox 785 2514 835 2565; x_wconf 85' lang='lat' dir='ltr'><strong><em>toto</em></strong></span> <span class='ocrx_word' id='word_1_323' title='bbox 849 2516 971 2566; x_wconf 83' lang='lat' dir='ltr'><strong><em>cesserat</em></strong></span> <span class='ocrx_word' id='word_1_324' title='bbox 981 2514 1063 2567; x_wconf 88' lang='lat' dir='ltr'><strong><em>mari.</em></strong></span> <span class='ocrx_word' id='word_1_325' title='bbox 1076 2539 1114 2551; x_wconf 92' lang='lat'>-</span> <span class='ocrx_word' id='word_1_326' title='bbox 1129 2512 1162 2569; x_wconf 88' lang='grc'><strong><em>67</em></strong></span> 
     </span>
     <span class='ocr_line' id='line_1_29' title="bbox 91 2585 1162 2668; baseline 0 -20"><span class='ocrx_word' id='word_1_327' title='bbox 91 2595 126 2648; x_wconf 88' lang='grc'><strong><em>22</em></strong></span> <span class='ocrx_word' id='word_1_328' title='bbox 139 2597 192 2662; x_wconf 84' lang='lat' dir='ltr'><strong><em>alp.</em></strong></span> <span class='ocrx_word' id='word_1_329' title='bbox 200 2593 238 2646; x_wconf 88' lang='lat' dir='ltr'><strong><em>ila</em></strong></span> <span class='ocrx_word' id='word_1_330' title='bbox 252 2592 321 2646; x_wconf 81' lang='lat' dir='ltr'><strong><em>clare</em></strong></span> <span class='ocrx_word' id='word_1_331' title='bbox 334 2593 455 2662; x_wconf 82' lang='lat' dir='ltr'><strong><em>scipione</em></strong></span> <span class='ocrx_word' id='word_1_332' title='bbox 467 2593 563 2646; x_wconf 85' lang='lat' dir='ltr'><strong><em>nasica</em></strong></span> <span class='ocrx_word' id='word_1_333' title='bbox 573 2585 587 2656; x_wconf 86' lang='grc' dir='ltr'>Η</span> <span class='ocrx_word' id='word_1_334' title='bbox 598 2607 617 2646; x_wconf 91' lang='lat' dir='ltr'><strong><em>a</em></strong></span> <span class='ocrx_word' id='word_1_335' title='bbox 626 2594 757 2649; x_wconf 88' lang='lat' dir='ltr'><strong><em>concitato</em></strong></span> <span class='ocrx_word' id='word_1_336' title='bbox 771 2595 799 2649; x_wconf 91' lang='lat' dir='ltr'><strong><em>in</em></strong></span> <span class='ocrx_word' id='word_1_337' title='bbox 811 2610 895 2649; x_wconf 86' lang='lat' dir='ltr'><strong><em>arma</em></strong></span> <span class='ocrx_word' id='word_1_338' title='bbox 904 2597 1007 2666; x_wconf 84' lang='lat' dir='ltr'><strong><em>populo</em></strong></span> <span class='ocrx_word' id='word_1_339' title='bbox 1021 2597 1102 2668; x_wconf 79' lang='lat' dir='ltr'><strong><em>qnasi</em></strong></span> <span class='ocrx_word' id='word_1_340' title='bbox 1114 2597 1162 2650; x_wconf 85' lang='lat' dir='ltr'><strong><em>ian</em></strong></span> 
     </span>
     <span class='ocr_line' id='line_1_30' title="bbox 89 2676 1162 2751; baseline 0.004 -24"><span class='ocrx_word' id='word_1_341' title='bbox 89 2688 239 2746; x_wconf 85' lang='lat' dir='ltr'><strong><em>oppressas</em></strong></span> <span class='ocrx_word' id='word_1_342' title='bbox 254 2676 305 2743; x_wconf 87' lang='lat' dir='ltr'><strong><em>esl]</em></strong></span> <span class='ocrx_word' id='word_1_343' title='bbox 323 2676 364 2730; x_wconf 86' lang='lat' dir='ltr'><strong><em>sic</em></strong></span> <span class='ocrx_word' id='word_1_344' title='bbox 378 2676 458 2731; x_wconf 88' lang='lat' dir='ltr'><strong><em>locus</em></strong></span> <span class='ocrx_word' id='word_1_345' title='bbox 472 2677 501 2730; x_wconf 89' lang='lat' dir='ltr'><strong><em>in</em></strong></span> <span class='ocrx_word' id='word_1_346' title='bbox 516 2676 539 2730; x_wconf 90' lang='grc' dir='ltr'><strong>Β</strong></span> <span class='ocrx_word' id='word_1_347' title='bbox 554 2676 675 2746; x_wconf 81' lang='lat' dir='ltr'><strong><em>scriptus</em></strong></span> <span class='ocrx_word' id='word_1_348' title='bbox 691 2682 747 2746; x_wconf 84' lang='grc'><strong>661,</strong></span> <span class='ocrx_word' id='word_1_349' title='bbox 771 2677 822 2734; x_wconf 89' lang='lat' dir='ltr'><strong><em>sed</em></strong></span> <span class='ocrx_word' id='word_1_350' title='bbox 841 2680 1050 2751; x_wconf 77' lang='lat' dir='ltr'><strong><em>praepositione</em></strong></span> <span class='ocrx_word' id='word_1_351' title='bbox 1071 2696 1090 2734; x_wconf 91' lang='lat' dir='ltr'><strong><em>a</em></strong></span> <span class='ocrx_word' id='word_1_352' title='bbox 1112 2683 1162 2734; x_wconf 82' lang='grc'><strong>6611</strong></span> 
     </span>
     <span class='ocr_line' id='line_1_31' title="bbox 89 2754 1162 2834; baseline 0.003 -21"><span class='ocrx_word' id='word_1_353' title='bbox 89 2761 220 2814; x_wconf 87' lang='lat' dir='ltr'><strong><em>concitato</em></strong></span> <span class='ocrx_word' id='word_1_354' title='bbox 236 2775 332 2827; x_wconf 81' lang='lat' dir='ltr'><strong><em>erese,</em></strong></span> <span class='ocrx_word' id='word_1_355' title='bbox 361 2774 432 2829; x_wconf 88' lang='lat' dir='ltr'><strong><em>quae</em></strong></span> <span class='ocrx_word' id='word_1_356' title='bbox 457 2762 537 2815; x_wconf 81' lang='lat' dir='ltr'><strong><em>abest</em></strong></span> <span class='ocrx_word' id='word_1_357' title='bbox 558 2762 592 2816; x_wconf 85' lang='grc'><strong><em>61)</em></strong></span> <span class='ocrx_word' id='word_1_358' title='bbox 610 2759 786 2819; x_wconf 85' lang='lat' dir='ltr'><strong><em>editionibus.</em></strong></span> <span class='ocrx_word' id='word_1_359' title='bbox 829 2754 1042 2821; x_wconf 71' lang='lat' dir='ltr'><strong><em>Videtur&#39;lectio</em></strong></span> <span class='ocrx_word' id='word_1_360' title='bbox 1068 2761 1162 2834; x_wconf 73' lang='lat' dir='ltr'><strong><em>primas</em></strong></span> 
     </span>
     <span class='ocr_line' id='line_1_32' title="bbox 90 2846 1162 2911; baseline 0.006 -16"><span class='ocrx_word' id='word_1_361' title='bbox 90 2857 188 2898; x_wconf 82' lang='lat' dir='ltr'><strong><em>manus</em></strong></span> <span class='ocrx_word' id='word_1_362' title='bbox 204 2859 274 2899; x_wconf 85' lang='lat' dir='ltr'><strong><em>vera</em></strong></span> <span class='ocrx_word' id='word_1_363' title='bbox 287 2859 360 2899; x_wconf 86' lang='lat' dir='ltr'><strong><em>esse.</em></strong></span> <span class='ocrx_word' id='word_1_364' title='bbox 375 2871 418 2883; x_wconf 82' lang='lat'><em>-</em></span> <span class='ocrx_word' id='word_1_365' title='bbox 439 2846 487 2911; x_wconf 84' lang='lat'><strong><em>68,</em></strong></span> <span class='ocrx_word' id='word_1_366' title='bbox 502 2848 520 2902; x_wconf 89' lang='grc'><strong>3</strong></span> <span class='ocrx_word' id='word_1_367' title='bbox 534 2849 637 2907; x_wconf 75' lang='lat' dir='ltr'><strong><em>molam</em></strong></span> <span class='ocrx_word' id='word_1_368' title='bbox 651 2847 803 2902; x_wconf 86' lang='lat' dir='ltr'><strong><em>animorum</em></strong></span> <span class='ocrx_word' id='word_1_369' title='bbox 817 2846 927 2902; x_wconf 87' lang='lat' dir='ltr'><strong><em>Marios</em></strong></span> <span class='ocrx_word' id='word_1_370' title='bbox 942 2847 979 2903; x_wconf 90' lang='lat'><strong><em>0:</em></strong></span> <span class='ocrx_word' id='word_1_371' title='bbox 996 2853 1100 2904; x_wconf 80' lang='grc'><strong>1661616</strong></span> <span class='ocrx_word' id='word_1_372' title='bbox 1113 2847 1162 2902; x_wconf 74' lang='lat' dir='ltr'><strong><em>uisi</em></strong></span> 
     </span>
     <span class='ocr_line' id='line_1_33' title="bbox 89 2925 1162 3003; baseline 0.007 -24"><span class='ocrx_word' id='word_1_373' title='bbox 89 2929 195 2982; x_wconf 87' lang='lat' dir='ltr'><strong><em>marias</em></strong></span> <span class='ocrx_word' id='word_1_374' title='bbox 208 2926 230 2981; x_wconf 94' lang='lat' dir='ltr'>B</span> <span class='ocrx_word' id='word_1_375' title='bbox 238 2943 246 2995; x_wconf 91' lang='lat'>;</span> <span class='ocrx_word' id='word_1_376' title='bbox 277 2933 379 2985; x_wconf 87' lang='lat' dir='ltr'><strong><em>tantum</em></strong></span> <span class='ocrx_word' id='word_1_377' title='bbox 392 2929 451 2984; x_wconf 89' lang='lat' dir='ltr'><strong><em>oiro</em></strong></span> <span class='ocrx_word' id='word_1_378' title='bbox 465 2925 576 2982; x_wconf 84' lang='lat' dir='ltr'><strong><em>Marius</em></strong></span> <span class='ocrx_word' id='word_1_379' title='bbox 596 2929 680 2984; x_wconf 83' lang='grc'><strong>66661</strong></span> <span class='ocrx_word' id='word_1_380' title='bbox 698 2932 765 3001; x_wconf 89' lang='lat' dir='ltr'><strong><em>spei,</em></strong></span> <span class='ocrx_word' id='word_1_381' title='bbox 785 2929 916 2987; x_wconf 80' lang='lat' dir='ltr'><strong><em>nobilitati</em></strong></span> <span class='ocrx_word' id='word_1_382' title='bbox 926 2945 1035 3003; x_wconf 85' lang='lat' dir='ltr'><strong><em>semper</em></strong></span> <span class='ocrx_word' id='word_1_383' title='bbox 1051 2932 1162 2986; x_wconf 78' lang='grc'><strong>16116166</strong></span> 
     </span>
     <span class='ocr_line' id='line_1_34' title="bbox 90 3008 1162 3088; baseline 0.007 -26"><span class='ocrx_word' id='word_1_384' title='bbox 90 3008 302 3068; x_wconf 86' lang='lat' dir='ltr'><strong><em>Mommsenius.</em></strong></span> <span class='ocrx_word' id='word_1_385' title='bbox 344 3014 374 3067; x_wconf 90' lang='lat' dir='ltr'><strong><em>ln</em></strong></span> <span class='ocrx_word' id='word_1_386' title='bbox 388 3011 508 3068; x_wconf 86' lang='lat' dir='ltr'><strong><em>lectione·</em></strong></span> <span class='ocrx_word' id='word_1_387' title='bbox 521 3010 584 3067; x_wconf 88' lang='lat' dir='ltr'><strong><em>eod.</em></strong></span> <span class='ocrx_word' id='word_1_388' title='bbox 600 3010 695 3069; x_wconf 86' lang='lat' dir='ltr'><strong><em>Bairo</em></strong></span> <span class='ocrx_word' id='word_1_389' title='bbox 710 3014 792 3067; x_wconf 83' lang='lat' dir='ltr'><strong><em>ellam</em></strong></span> <span class='ocrx_word' id='word_1_390' title='bbox 805 3016 906 3070; x_wconf 75' lang='lat' dir='ltr'><strong><em>niniam</em></strong></span> <span class='ocrx_word' id='word_1_391' title='bbox 916 3016 1002 3070; x_wconf 85' lang='lat' dir='ltr'><strong><em>latere</em></strong></span> <span class='ocrx_word' id='word_1_392' title='bbox 1015 3021 1117 3088; x_wconf 83' lang='lat' dir='ltr'><strong><em>polest.</em></strong></span> <span class='ocrx_word' id='word_1_393' title='bbox 1133 3044 1162 3056; x_wconf 94' lang='lat'><em>-</em></span> 
     </span>
     <span class='ocr_line' id='line_1_35' title="bbox 90 3092 1156 3165; baseline 0.005 -16"><span class='ocrx_word' id='word_1_394' title='bbox 90 3095 139 3160; x_wconf 87' lang='lat'><strong><em>68,</em></strong></span> <span class='ocrx_word' id='word_1_395' title='bbox 158 3095 176 3148; x_wconf 85' lang='grc'><em>8</em></span> <span class='ocrx_word' id='word_1_396' title='bbox 195 3093 257 3150; x_wconf 81' lang='lat' dir='ltr'><strong><em>sort.</em></strong></span> <span class='ocrx_word' id='word_1_397' title='bbox 277 3097 386 3165; x_wconf 85' lang='lat' dir='ltr'><strong><em>ipsese</em></strong></span> <span class='ocrx_word' id='word_1_398' title='bbox 405 3094 563 3164; x_wconf 78' lang='lat' dir='ltr'><strong><em>adoptarat.</em></strong></span> <span class='ocrx_word' id='word_1_399' title='bbox 588 3124 630 3137; x_wconf 90' lang='lat'><strong><em>—-</em></strong></span> <span class='ocrx_word' id='word_1_400' title='bbox 660 3100 708 3164; x_wconf 83' lang='grc'><strong><em>66,</em></strong></span> <span class='ocrx_word' id='word_1_401' title='bbox 731 3101 764 3154; x_wconf 88' lang='grc'><strong>18</strong></span> <span class='ocrx_word' id='word_1_402' title='bbox 779 3092 935 3154; x_wconf 81' lang='lat' dir='ltr'><strong><em>Memmium</em></strong></span> <span class='ocrx_word' id='word_1_403' title='bbox 957 3098 1023 3154; x_wconf 87' lang='lat' dir='ltr'><strong><em>edd.</em></strong></span> <span class='ocrx_word' id='word_1_404' title='bbox 1044 3106 1156 3154; x_wconf 86' lang='lat' dir='ltr'><strong><em>veteres</em></strong></span> 
     </span>
     <span class='ocr_line' id='line_1_36' title="bbox 90 3175 1162 3253; baseline 0.009 -24"><span class='ocrx_word' id='word_1_405' title='bbox 90 3178 262 3231; x_wconf 77' lang='lat' dir='ltr'><strong><em>menmmiem</em></strong></span> <span class='ocrx_word' id='word_1_406' title='bbox 279 3178 312 3246; x_wconf 88' lang='lat' dir='ltr'><strong><em>N,</em></strong></span> <span class='ocrx_word' id='word_1_407' title='bbox 328 3179 487 3235; x_wconf 80' lang='lat' dir='ltr'><strong><em>Mummium</em></strong></span> <span class='ocrx_word' id='word_1_408' title='bbox 502 3175 558 3233; x_wconf 86' lang='grc' dir='ltr'><strong><em>ΒΟ.</em></strong></span> <span class='ocrx_word' id='word_1_409' title='bbox 587 3205 629 3217; x_wconf 90' lang='lat'><strong><em>-</em></strong></span> <span class='ocrx_word' id='word_1_410' title='bbox 655 3183 698 3248; x_wconf 84' lang='lat'><strong><em>68,</em></strong></span> <span class='ocrx_word' id='word_1_411' title='bbox 713 3184 747 3239; x_wconf 92' lang='grc'><strong><em>19</em></strong></span> <span class='ocrx_word' id='word_1_412' title='bbox 760 3195 852 3253; x_wconf 79' lang='lat' dir='ltr'><strong><em>repen</em></strong></span> <span class='ocrx_word' id='word_1_413' title='bbox 865 3197 927 3238; x_wconf 87' lang='lat' dir='ltr'><strong><em>sea</em></strong></span> <span class='ocrx_word' id='word_1_414' title='bbox 947 3183 1103 3238; x_wconf 78' lang='lat' dir='ltr'><strong><em>satellitibus</em></strong></span> <span class='ocrx_word' id='word_1_415' title='bbox 1117 3182 1162 3239; x_wconf 85' lang='lat' dir='ltr'><strong><em>sai</em></strong></span> 
     </span>
     <span class='ocr_line' id='line_1_37' title="bbox 89 3260 1157 3340; baseline 0.008 -27"><span class='ocrx_word' id='word_1_416' title='bbox 89 3261 258 3331; x_wconf 84' lang='lat' dir='ltr'><strong><em>appellatam</em></strong></span> <span class='ocrx_word' id='word_1_417' title='bbox 274 3260 313 3315; x_wconf 90' lang='lat' dir='ltr'><strong><em>ll:</em></strong></span> <span class='ocrx_word' id='word_1_418' title='bbox 334 3278 425 3335; x_wconf 77' lang='lat' dir='ltr'><strong><em>repen</em></strong></span> <span class='ocrx_word' id='word_1_419' title='bbox 446 3276 484 3318; x_wconf 79' lang='lat' dir='ltr'><strong><em>en</em></strong></span> <span class='ocrx_word' id='word_1_420' title='bbox 501 3261 655 3318; x_wconf 74' lang='lat' dir='ltr'><strong><em>sateltitibus</em></strong></span> <span class='ocrx_word' id='word_1_421' title='bbox 675 3264 867 3330; x_wconf 74' lang='lat' dir='ltr'><strong><em>(exatellitibus</em></strong></span> <span class='ocrx_word' id='word_1_422' title='bbox 885 3266 923 3333; x_wconf 86' lang='lat' dir='ltr'><strong><em>B)</em></strong></span> <span class='ocrx_word' id='word_1_423' title='bbox 946 3269 1003 3322; x_wconf 84' lang='lat' dir='ltr'><strong><em>suis</em></strong></span> <span class='ocrx_word' id='word_1_424' title='bbox 1022 3285 1088 3340; x_wconf 82' lang='lat' dir='ltr'><strong><em>app.</em></strong></span> <span class='ocrx_word' id='word_1_425' title='bbox 1110 3265 1157 3322; x_wconf 90' lang='lat' dir='ltr'><strong><em>BN</em></strong></span> 
     </span>
     <span class='ocr_line' id='line_1_38' title="bbox 90 3344 1162 3424; baseline 0.01 -26"><span class='ocrx_word' id='word_1_426' title='bbox 90 3357 181 3415; x_wconf 79' lang='lat' dir='ltr'><strong><em>repen</em></strong></span> <span class='ocrx_word' id='word_1_427' title='bbox 192 3358 230 3400; x_wconf 83' lang='lat' dir='ltr'><strong><em>eac</em></strong></span> <span class='ocrx_word' id='word_1_428' title='bbox 244 3350 296 3402; x_wconf 89' lang='lat' dir='ltr'><strong><em>sat.</em></strong></span> <span class='ocrx_word' id='word_1_429' title='bbox 309 3349 366 3401; x_wconf 86' lang='lat' dir='ltr'><strong><em>sais</em></strong></span> <span class='ocrx_word' id='word_1_430' title='bbox 375 3361 406 3402; x_wconf 87' lang='lat' dir='ltr'><strong><em>se</em></strong></span> <span class='ocrx_word' id='word_1_431' title='bbox 421 3347 522 3420; x_wconf 83' lang='lat' dir='ltr'><strong><em>appell.</em></strong></span> <span class='ocrx_word' id='word_1_432' title='bbox 535 3344 569 3402; x_wconf 87' lang='lat'><strong><em>0.</em></strong></span> <span class='ocrx_word' id='word_1_433' title='bbox 583 3375 626 3387; x_wconf 85' lang='lat'><em>-</em></span> <span class='ocrx_word' id='word_1_434' title='bbox 640 3349 684 3416; x_wconf 82' lang='lat'><strong><em>66,</em></strong></span> <span class='ocrx_word' id='word_1_435' title='bbox 698 3351 732 3406; x_wconf 87' lang='grc'><strong><em>26</em></strong></span> <span class='ocrx_word' id='word_1_436' title='bbox 746 3350 774 3404; x_wconf 89' lang='lat' dir='ltr'><strong><em>in</em></strong></span> <span class='ocrx_word' id='word_1_437' title='bbox 790 3351 852 3424; x_wconf 84' lang='lat' dir='ltr'><strong><em>ipsa</em></strong></span> <span class='ocrx_word' id='word_1_438' title='bbox 867 3348 892 3405; x_wconf 95' lang='lat' dir='ltr'><strong>N</strong></span> <span class='ocrx_word' id='word_1_439' title='bbox 899 3369 906 3402; x_wconf 73' lang='grc' dir='ltr'><strong><em>ε</em></strong></span> <span class='ocrx_word' id='word_1_440' title='bbox 924 3351 987 3421; x_wconf 84' lang='lat' dir='ltr'><strong><em>ipsa</em></strong></span> <span class='ocrx_word' id='word_1_441' title='bbox 998 3351 1055 3408; x_wconf 90' lang='grc' dir='ltr'><strong><em>ΒΟ.</em></strong></span> <span class='ocrx_word' id='word_1_442' title='bbox 1072 3381 1115 3391; x_wconf 90' lang='grc'>-</span> <span class='ocrx_word' id='word_1_443' title='bbox 1129 3352 1162 3409; x_wconf 82' lang='grc'><strong><em>63</em></strong></span> 
     </span>
     <span class='ocr_line' id='line_1_39' title="bbox 88 3428 1162 3508; baseline 0.01 -27"><span class='ocrx_word' id='word_1_444' title='bbox 88 3431 129 3482; x_wconf 86' lang='grc'><strong><em>32</em></strong></span> <span class='ocrx_word' id='word_1_445' title='bbox 139 3435 171 3482; x_wconf 85' lang='lat' dir='ltr'><strong><em>at</em></strong></span> <span class='ocrx_word' id='word_1_446' title='bbox 184 3444 237 3483; x_wconf 88' lang='lat' dir='ltr'><strong><em>nec</em></strong></span> <span class='ocrx_word' id='word_1_447' title='bbox 258 3428 324 3484; x_wconf 87' lang='lat' dir='ltr'><strong><em>edd.</em></strong></span> <span class='ocrx_word' id='word_1_448' title='bbox 343 3436 468 3487; x_wconf 84' lang='lat' dir='ltr'><strong><em>veteres:</em></strong></span> <span class='ocrx_word' id='word_1_449' title='bbox 485 3435 516 3488; x_wconf 86' lang='lat' dir='ltr'><strong><em>at</em></strong></span> <span class='ocrx_word' id='word_1_450' title='bbox 536 3444 572 3488; x_wconf 87' lang='lat' dir='ltr'><strong><em>ne</em></strong></span> <span class='ocrx_word' id='word_1_451' title='bbox 590 3431 671 3489; x_wconf 87' lang='lat' dir='ltr'><strong>BNO.</strong></span> <span class='ocrx_word' id='word_1_452' title='bbox 715 3431 755 3488; x_wconf 82' lang='lat' dir='ltr'><strong><em>CI.</em></strong></span> <span class='ocrx_word' id='word_1_453' title='bbox 772 3432 807 3488; x_wconf 91' lang='lat' dir='ltr'><strong><em>de</em></strong></span> <span class='ocrx_word' id='word_1_454' title='bbox 824 3447 876 3489; x_wconf 89' lang='lat' dir='ltr'><strong><em>nec</em></strong></span> <span class='ocrx_word' id='word_1_455' title='bbox 893 3453 936 3481; x_wconf 88' lang='lat'><strong><em>=-=</em></strong></span> <span class='ocrx_word' id='word_1_456' title='bbox 954 3450 992 3492; x_wconf 87' lang='lat' dir='ltr'><strong><em>ne</em></strong></span> <span class='ocrx_word' id='word_1_457' title='bbox 1008 3466 1050 3477; x_wconf 92' lang='lat'><strong><em>—-</em></strong></span> <span class='ocrx_word' id='word_1_458' title='bbox 1066 3436 1162 3508; x_wconf 77' lang='lat' dir='ltr'><strong><em>quiden</em></strong></span> 
     </span>
    </p>
   </div>
   <div class='ocr_carea' id='block_1_3' title="bbox 0 0 1182 3818">
    <p class='ocr_par' dir='ltr' id='par_1_3' title="bbox 0 0 1182 3818">
     <span class='ocr_line' id='line_1_40' title="bbox 0 0 1182 3818; baseline 0 0"><span class='ocrx_word' id='word_1_459' title='bbox 0 0 1182 3818; x_wconf 95' lang='lat' dir='ltr'><strong><em> </em></strong></span> 
     </span>
    </p>
   </div>
  </div>
 </body>
</html>
