2348 3818
31 295 38 308 x
121 221 161 282 60
206 230 217 274 ῖ
416 272 422 287 ,
475 227 755 282 stomarrrorrr.

92 393 313 451 3cramentum
333 382 410 464 fuit,
436 403 477 446 ne
498 383 649 447 redirent.
689 381 747 446 sed
772 382 872 467 petito
898 386 1048 470 tempore
1070 385 1103 449 ad

118 467 368 547 deliberandum,
390 487 462 529 cum
482 467 566 529 inter
587 487 692 529 moras
709 464 829 529 Caesar
843 465 997 531 Rhodani
1014 466 1103 554 ponte

116 552 252 615 rescisso
271 550 381 634 fugam
397 548 592 630 abstulisset,
613 551 721 612 statim
737 546 1018 614 bellicosissimam
1035 573 1103 636 gen·

116 642 181 697 tem
197 635 291 698 sicin
311 634 403 697 sedes
425 653 499 694 suas
521 634 613 717 quasi
631 653 748 717 greges
768 633 803 695 in
821 632 983 715 stabulum
1002 642 1102 720 pastor

91 717 254 787 rreduxit.
282 737 419 802 sequens
436 715 533 798 longe
548 716 707 801 longeque
729 717 890 780 cruentior
910 716 1023 802 pugna
1037 716 1099 780 Bel·

115 822 237 948 pprum,
256 802 382 896 quippe·
411 818 447 862 ro
458 797 608 897 libertate
616 801 838 883 pugnantium.
860 799 997 863 hiccum
1011 799 1100 864 multa

146 904 331 949 omanorum
410 889 478 944 tum
490 881 640 965 insigma,
654 891 723 945 tum
733 881 815 946 illud
829 887 997 966 egregium
1008 884 1098 969 ipsius

116 966 216 1048 ducis,
237 965 339 1051 quod,
360 972 492 1028 nutante
513 965 548 1030 in
566 965 602 1028 lu
665 967 817 1046 exercitu,
840 974 931 1050 rapto
953 967 1096 1051 fugientis

115 1071 133 1113 e
149 1071 246 1113 manu
261 1056 357 1111 scuto·
367 1048 401 1110 in
415 1048 552 1132 primam
563 1069 603 1113 vo
617 1051 700 1111 itans
719 1051 821 1112 aciem
837 1071 935 1112 manu
974 1051 1097 1115 roelium

90 1132 264 1202 prestituit.
297 1128 463 1193 indacum
483 1131 616 1194 Venetis
639 1134 735 1195 etiam
755 1131 871 1195 navale
892 1072 1030 1216 bellirm,
1049 1130 1103 1196 scd

116 1215 216 1278 maior
227 1232 299 1276 cum
313 1213 442 1278 Oceano
459 1232 555 1303 quam
567 1235 639 1279 cura
649 1216 728 1302 ipsis
739 1214 971 1282 navibusrixa.
993 1217 1096 1303 quippe

116 1297 190 1365 illae
206 1295 302 1363 rudes
321 1305 352 1363 et
366 1297 519 1365 informes
542 1309 573 1364 et
591 1302 698 1363 statim
712 1299 900 1383 naufragae,
919 1321 993 1363 cum
1006 1308 1097 1363 rosus

116 1385 308 1466 sensissent3
330 1382 388 1446 sed
400 1382 552 1447 haerebat
568 1385 603 1446 in
623 1383 716 1446 vadis
736 1404 855 1468 pugna,
878 1403 952 1446 cum
969 1382 1096 1446 aestibus

116 1466 218 1531 solitis
231 1468 267 1530 in
282 1468 352 1552 ipso
368 1469 539 1531 certamine
556 1466 730 1532 subductus
746 1464 899 1531 Oceanus
910 1466 1096 1530 intercedere

91 1549 202 1614 obello
214 1550 388 1614 videretur.
415 1549 490 1616 illae
507 1572 632 1636 quoque
647 1570 812 1613 accessere
828 1550 1032 1614 diversitates
1047 1560 1103 1634 pro?

116 1637 260 1717 gentium
277 1633 481 1719 locorumque
493 1644 618 1697 natura.
645 1634 809 1719 Aquitani,
831 1633 985 1696 callidum
998 1650 1095 1717 genus,

115 1719 150 1779 in
165 1717 332 1814 speluncas
350 1738 385 1780 se
399 1717 613 1802 recipiebant:
633 1718 726 1781 iussit
743 1717 890 1797 includi3v
903 1717 1096 1782 morabantur

115 1800 150 1860 in
171 1799 277 1863 silvis:
299 1801 393 1863 iussit
412 1800 552 1866 incendi.
585 1820 679 1864 nemo
699 1807 824 1863 tantum
844 1799 970 1863 feroces
992 1797 1096 1864 dixerit

91 1880 245 1945 tGallos:
262 1882 430 1947 fraudibus
533 1893 557 1946 t.
589 1882 828 1948 Indutiomarus
844 1883 1015 1965 Treveros,
1032 1885 1095 1946 An·

115 1963 223 2028 biorix
243 1967 415 2030 concitavit
434 1966 463 2029 E
487 1986 615 2030 urones.
644 1966 787 2052 utrique,
815 1967 949 2031 absente
970 1967 1103 2031 caesae:

90 2049 335 2113 tconiuratione
352 2049 447 2131 facta,
467 2051 617 2113 invasere
636 2048 770 2134 legatos.
800 2050 858 2133 sed
873 2050 930 2113 ille
947 2050 1097 2115 fortitert

116 2131 289 2196 Dolabella
305 2143 479 2198 summotus
499 2142 562 2215 est,
588 2130 787 2219 relatumque
806 2134 895 2217 regis
917 2143 1029 2218 capnt3
1054 2130 1096 2195 hic

116 2215 242 2280 insidiis
264 2218 299 2280 in
319 2216 406 2281 valle
427 2217 591 2303 dispositis
612 2216 685 2280 dolo
706 2216 854 2301 perculit,
886 2219 995 2303 itaque
1011 2225 1043 2280 et
1056 2233 1096 2277 ca

116 2310 183 2362 stra
199 2299 324 2386 direpta
345 2309 419 2365 sunt
437 2311 470 2365 et
485 2300 737 2367 Aurunculeium
756 2299 882 2364 Cottam
897 2320 971 2363 cum
986 2298 1097 2364 Titurio

117 2382 236 2480 Sabino
253 2383 376 2466 legatos
393 2386 572 2448 amisimus.¹
597 2405 657 2446 nec
674 2383 742 2446 ulla
762 2380 803 2446 de
824 2404 902 2467 rege
917 2406 997 2448 mox
1011 2383 1103 2459 ultios

91 2487 193 2592 ⁰qu
216 2486 319 2611 oepeR
334 2474 519 2633 btdldstdigd
538 2466 785 2632 ilrhniiirilllsbfbbb
805 2465 962 2613 lebtruintlas
984 2558 1052 2613 erat
1068 2551 1098 2609 ul

76 2628 108 2680 10
117 2627 199 2693 liber
217 2640 301 2693 esset
314 2640 493 2716 receptator
510 2631 649 2696 bostium
663 2642 758 2718 atque
773 2633 934 2698 defensor.
957 2643 990 2697 et
1006 2633 1099 2718 prima

115 2723 227 2776 contra
247 2711 424 2779 Germanos
451 2715 537 2779 illius
564 2737 674 2802 pugna
700 2719 884 2781 iustissimis
911 2717 1042 2802 quidem
1064 2731 1099 2776 ex

114 2797 232 2860 causis.
264 2796 392 2861 Haedui
416 2799 456 2862 de
483 2798 718 2864 incursionibus
745 2822 856 2864 eorum
881 2800 1097 2885 querebantur·

75 2901 199 2967 uquae
220 2891 289 2944 erat
307 2882 464 2946 Ariovisti
482 2886 568 2967 regis
590 2883 755 2968 superbia!
777 2885 828 2947 cui
849 2903 922 2947 cnm
944 2883 1043 2967 legati
1062 2879 1099 2944 di·

113 2974 224 3028 cerent
243 2966 332 3029 ‘veni
347 2964 390 3029 ad
404 2964 599 3047 Caesarem3'
619 2976 651 3030 et
670 2973 680 3001 ‘
704 2969 755 3029 uis
777 2976 825 3031 est
840 2966 963 3032 Caesar
970 2968 996 3029 ‘l’
1017 2976 1051 3032 et
1067 2960 1101 3025 ‘si

114 3047 193 3128 vult,
207 3050 324 3114 veniat’
341 3050 454 3135 inquit,
477 3059 510 3114 et
526 3047 618 3136 ‘quid
634 2990 792 3129 edilium,
810 3051 889 3138 quid
905 3059 984 3135 agat
999 3056 1102 3115 nostr·

76 3129 315 3196 ltGennania?
338 3155 416 3196 num
436 3155 497 3218 ego
523 3154 575 3197 me
591 3133 759 3216 interpono
780 3135 972 3198 Romanis?’
1002 3137 1102 3219 itaque

115 3221 223 3277 tantus
250 3218 355 3299 gentis
382 3238 486 3281 novae
512 3226 617 3278 terror
639 3215 673 3276 in
699 3219 828 3298 castris,
853 3228 891 3281 ut
916 3223 1103 3282 testamenta

114 3296 235 3378 passim
251 3301 348 3362 etiam
368 3301 403 3363 in
422 3299 589 3384 principiis
606 3296 831 3365 scriberentur.
861 3299 920 3365 sed
934 3301 993 3364 illa
1010 3303 1103 3364 inme

116 3377 171 3438 nia
191 3398 326 3462 corpora
343 3403 406 3466 quo
427 3383 551 3444 maiora
571 3392 671 3462 erant,
692 3404 732 3447 eo
749 3386 852 3467 magis
870 3384 990 3466 gladiis
1009 3385 1103 3448 ferre

98 3468 369 3544 aquepatuemnt.
392 3465 450 3550 qui
469 3462 559 3529 calor
578 3465 614 3529 in
634 3466 823 3551 proeliando
842 3467 982 3530 militurn
1000 3467 1103 3546 fuerit,
