2348 3818
104 203 145 268 26
472 211 567 263 avon
587 214 747 263 russin.
781 262 784 271 ,

103 368 223 433 Barcas
243 367 485 463 cognominatus
507 373 564 448 est,
583 367 685 451 primo
698 366 821 430 Punico
842 365 930 432 bello
949 387 1075 454 magnam

102 462 227 600 partem
246 452 425 552 iiispaniae
444 449 504 514 sub
525 450 694 534 imperium
713 449 1024 552 Carthaginiensium
1041 473 1075 515 re·
1097 476 1105 565 ·,

79 532 812 684 amidi}hi‘lirlldn‘dlllialdlllild
827 535 1009 689 ffiilli'
1026 535 1075 630 ³²³

103 641 386 803 secundo‘Punicg
402 701 488 766 bello
501 722 573 764 cum
594 665 779 799 ingentibus
800 704 902 789 copiis
925 641 1094 850 ablingit»⁵

102 793 558 957 tttttttstttttatt
572 784 666 850 stam
683 795 904 897 ⁰9³¹¹¹¹¹³⁶¹⁶l
926 787 1036 857 ³⁰¹²¹¹
1061 803 1073 845 ⁰

216 1054 218 1059 -
284 998 464 1086 xxxvii.
507 1019 654 1113 anans
675 1021 915 1088 uvinnmn.

154 1192 157 1203 ¹
184 1159 334 1246 Syphax,
356 1178 450 1243 quem
469 1154 576 1242 Scipio
595 1157 770 1241 Africanus
792 1159 915 1223 victum
931 1161 966 1223 in
984 1161 1073 1225 trium

99 1243 200 1329 phum
218 1243 318 1306 traxit
338 1261 501 1325 regnoque
523 1241 591 1304 eius
612 1242 656 1304 im
680 1241 992 1308 osuit-Masinissam.
1023 1242 1094 1308 lla-n

100 1327 219 1391 sinissa
244 1347 319 1407 rex,
347 1325 402 1411 qui
423 1321 604 1408 Scipionem
629 1264 785 1390 adversus
809 1325 1033 1414 Carthaginem
1052 1332 1074 1388 et

8 1443 10 1455 ·
101 1408 148 1496 Sy
170 1410 283 1474 hacem
304 1430 321 1473 e
343 1409 446 1473 uitatu
466 1407 606 1472 adiuvit:
628 1408 670 1473 ab
693 1431 730 1475 eo
751 1409 836 1475 inter
870 1412 992 1477 raemia
1011 1430 1074 1492 con·

99 1433 207 1559 militii
232 1493 330 1558 Numi
354 1494 403 1557 ‘ac
417 1513 529 1578 regno
559 1491 695 1559 donatus
722 1502 780 1558 est
852 1496 1005 1581 ugurtha,
1034 1491 1075 1582 qui

99 1580 238 1666 scriptus
260 1585 317 1642 est.
1063 1584 1069 1595 ’

230 1745 428 1813 xxxvm.
471 1747 617 1814 anons
636 1748 964 1816 nrvnrrnman.
1080 1764 1096 1808 a

184 1886 267 1950 Iuba
286 1907 355 1967 rex,
375 1887 430 1971 qui
448 1885 621 1952 Curionem
641 1887 782 1972 legatum
796 1887 945 1953 Caesaris
967 1907 1074 1976 oppres·
1110 1920 1113 1971 2

100 1969 157 2052 sit,
184 1990 261 2033 mox
284 1971 389 2033 occiso
415 1968 568 2057 Pompeio
589 1971 721 2061 Catonis
736 1982 779 2036 ,et
800 1970 961 2058 Scipionis
986 1980 1074 2059 parter
1111 2004 1113 2027 ι

100 2053 227 2117 firmare
256 2061 406 2134 conatus,
438 2075 570 2118 cumae
596 2056 631 2118 in
655 2057 778 2140 regiam
804 2055 995 2142 recepisset,
1019 2059 1113 2143 postss

99 2137 303 2222 magnificam
323 2158 434 2201 cenam
450 2139 706 2203 interficiendum
725 2162 759 2204 se
781 2138 879 2204 dedit.
923 2137 1013 2224 Iuba,
1030 2156 1075 2202 rex
1111 2164 1113 2229 Ξ

99 2221 363 2303 litteratissimus,
384 2223 439 2308 qui
459 2221 607 2287 Caesaris
620 2223 760 2308 Augusti
781 2223 871 2287 iussu
890 2226 1035 2309 regnavit
1051 2227 1096 2286 eta

100 2305 449 2390 magnificentissimam
469 2305 583 2371 urbem
604 2305 796 2376 Caesaream
819 2307 974 2374 condidit.

278 2392 284 2419 l

100 2453 266 2522 xxxix.
299 2457 379 2539 our
395 2459 629 2526 Anvrasvs
646 2457 860 2524 rorvnvn
874 2446 1075 2524 nomam

385 2556 512 2621 Anni
533 2554 806 2623 suusnavnr.

65 2712 89 2764 ἰ
185 2689 297 2755 Tatius
319 2715 379 2757 rex
395 2692 600 2779 Sabinorum,
622 2699 678 2785 qui
698 2705 852 2782 occupata
870 2692 1079 2780 arceanpeia
1111 2708 1113 2793 p

99 2777 135 2840 in
156 2774 226 2861 ipso
247 2775 317 2841 foro
338 2798 410 2841 cum
427 2779 562 2846 Romulo
584 2781 760 2846 decertavit
781 2788 813 2844 et
831 2780 1016 2843 interventu
1032 2775 1113 2841 ssa·

75 2858 252 2928 abinarum
272 2883 384 2946 pacem
410 2884 482 2927 cum
501 2865 638 2932 Romulo
659 2865 741 2928 fixit.
784 2863 903 2928 Mettus
925 2862 1079 2939 Fuffetius,
1111 2920 1113 2927 .

99 2965 160 3013 rex
185 2944 401 3029 Albanorum,
451 2950 485 3011 ui
510 2959 621 3019 contra
642 2948 756 3012 foedus
782 2947 825 3011 ad
845 2946 1014 3011 Fidenatis
1038 2943 1079 3010 de

100 3028 195 3091 scivit
222 3037 254 3092 et
281 3031 418 3096 iussuT
454 3031 477 3094 li
497 3031 630 3096 Hostilii
657 3031 816 3116 deligatus
844 3029 886 3094 ad
907 3052 1035 3095 currum
1056 3033 1080 3090 et

76 3111 136 3173 3in
156 3110 286 3176 diversa
312 3117 392 3180 actis
420 3116 512 3178 cuis
537 3114 694 3180 laceratus
724 3124 782 3179 est.
825 3113 1010 3196 Porsenna,
1034 3130 1080 3177 rex

100 3192 324 3278 Etruscorum,
353 3201 407 3297 qui
458 3220 589 3264 omanos
609 3200 652 3265 ad
672 3197 850 3263 Ianiculum
871 3194 1001 3263 obsedit
1019 3207 1101 3284 pro-t

100 3285 172 3362 pter
193 3300 234 3343 ue
254 3278 446 3366 Tarquinios
468 3283 532 3322 *³³*

74 3367 92 3417 4
212 3362 358 3446 iridates,
387 3367 443 3452 qui
462 3388 483 3431 a
504 3366 687 3433 Corbulone
707 3364 868 3439 consulari
894 3365 968 3431 viro
989 3365 1081 3431 victu

99 3450 133 3508 et
149 3445 317 3512 restitutus
338 3457 397 3514 est.
932 3493 937 3499 -
