2356 3818
116 210 156 273 84
461 220 749 271 reomensem.

72 385 106 437 43
116 374 206 438 ducis
228 380 473 436 consenesceret
492 372 536 433 im
558 378 639 433 etus.
663 390 723 432 nec
741 368 862 433 diutius
877 371 1006 454 profuit
1026 373 1052 438 d

115 456 255 520 salutare
275 454 455 521 consilium.
557 472 591 515 es
618 452 734 533 otium,
759 453 842 516 ‘socii
862 474 1006 537 moram,
1031 479 1052 542 p

114 540 202 624 cipes
221 537 377 603 ambitum
397 536 489 601 ducis
508 533 729 618 increpabant.
753 537 801 599 sic
842 537 1053 621 raecipitanti

113 622 193 686 fatis
232 621 332 686 roelio
352 627 478 718 sumpta
488 616 659 682 Thessalia
678 626 743 698 est,
768 627 800 681 et
814 557 1009 703 ihilippicis
1034 645 1052 686 c

112 707 162 789 pis
183 728 223 769 ur
246 706 284 786 is,
306 705 351 768 im
374 703 442 781 erir,
464 701 593 785 generis
605 699 738 765 bomani
755 700 824 764 fata
842 703 1019 767 commissa
1033 729 1052 769 s⁴

73 800 106 848 44
115 809 289 873 numquam
368 807 387 850 o
419 783 490 847 loco
519 793 645 848 tantmn
671 785 791 848 virium
824 784 936 869 populi
965 786 1052 852 Rom

112 881 237 936 tantum
258 868 426 954 dignitatis
453 867 598 930 Fortuna
625 868 786 950 respexit:
808 875 955 931 trecenta
975 891 1052 956 amp

112 954 201 1023 milia
221 954 297 1017 hinc
312 951 366 1014 vel
385 949 475 1013 illinc
490 958 618 1035 praeter
638 948 771 1031 auxilia,
791 971 885 1033 reges
904 959 936 1014 et
955 964 1052 1017 senat

70 1055 103 1104 45
112 1058 286 1123 numquam
320 1034 505 1098 inminentis
537 1034 650 1097 nrirrae
690 1033 913 1098 manifestiora
936 1037 1052 1181 (prodi

112 1121 191 1202 fuga
216 1119 436 1199 victimarum,
463 1118 613 1182 examina
639 1117 674 1180 in
702 1118 820 1200 signis,
851 1118 935 1180 inter
962 1119 996 1181 'u
1027 1129 1052 1183 tr

109 1202 201 1266 brae.
246 1200 314 1264 dux
339 1201 465 1284 ipsein
485 1208 643 1264 nocturna
661 1201 801 1283 imagine
823 1199 975 1287 plausum
996 1202 1052 1265 the

111 1286 162 1348 sui
183 1283 318 1346 audiens
339 1285 374 1346 in
395 1291 526 1348 modum
545 1281 694 1368 plauctus
716 1284 973 1347 circumsonatus
994 1295 1028 1348 et
1050 1310 1052 1349 :

110 1388 153 1430 ne
181 1362 254 1449 cun'r
272 1365 361 1452 pullo
389 1366 488 1452 pallio
507 1403 550 1449 ‘ss
570 1366 663 1429 nefas
684 1402 727 1415 —-
746 1373 824 1450 aput
843 1366 1013 1510 Iprincipia
1041 1391 1052 1432 ‹

69 1465 102 1515 46
111 1458 240 1535 spectus
260 1459 318 1514 cst.
362 1470 536 1550 numquam
565 1450 671 1514 acrior
697 1470 801 1547 neque
823 1450 961 1512 aacrior
990 1471 1052 1516 exe

111 1543 162 1596 tus
186 1532 336 1598 Caesaris
358 1534 437 1616 fuit3
458 1533 534 1597 mde
554 1532 691 1596 classica
711 1552 816 1616 pnus,
839 1532 915 1595 inde
931 1533 1011 1596 tela.

110 1625 255 1681 notatum
283 1638 410 1703 quoque
438 1615 663 1680 committentis
698 1615 800 1677 aciem
828 1614 972 1678 Crast'ni
998 1616 1052 1701 pilr

45 1765 47 1772 ,
111 1702 167 1785 qui
187 1720 264 1764 mcx
283 1699 398 1763 adacto
426 1700 461 1760 in
481 1719 518 1761 os
540 1697 664 1780 gladio,
694 1699 740 1760 sic
767 1698 851 1761 inter
877 1639 1042 1763 cadavera

110 1791 220 1866 pertus
244 1790 309 1844 est:
339 1780 507 1844 libidinem
528 1800 567 1842 ac
585 1779 708 1842 rabiem
729 1801 792 1864 qua
812 1791 1019 1865 pugnaverat
1040 1783 1052 1846 i

70 1864 255 1945 amaritate
280 1863 423 1926 volneris
451 1860 665 1944 praelerebat.
710 1862 768 1924 scd
794 1884 854 1925 nec
880 1866 988 1927 minus
1011 1865 1052 1929 ad

110 1944 243 2008 rabilior
263 1944 350 2006 illius
372 1944 479 2006 exitus
498 1941 588 2006 belli.
611 1945 729 2028 quippo
747 1965 819 2006 cum
830 1944 1006 2028 Pompeius
1030 1970 1052 2011 a

110 2028 253 2089 euitum
287 2027 380 2110 copia
406 2024 598 2106 abundaret,
631 2034 667 2089 ut
699 2025 795 2089 facile
829 2028 1052 2095 circumventu

67 2049 174 2173 rasili
197 2108 379 2174 (laesarem‘¹
391 2108 570 2191 videretur,
594 2110 831 2173 circumventus
854 2111 924 2194 ipse
940 2120 1002 2175 est.
1036 2136 1052 2176 n

109 2214 182 2257 cum
203 2192 259 2257 diu
280 2213 382 2278 aequo
403 2191 508 2257 Marte
528 2192 774 2274 contenderent,
796 2194 948 2278 iussuque
972 2195 1052 2261 Pom

110 2277 241 2341 effusius
263 2298 283 2339 a
303 2298 404 2341 cornu
423 2277 584 2362 erupisset
606 2278 782 2363 equitatus,
810 2285 942 2362 repente
965 2276 1045 2343 hinc

109 2381 173 2444 gno
201 2360 275 2423 dato
310 2359 546 2425 Gennanorum
574 2360 723 2425 cohortes
755 2369 880 2423 tantum
913 2361 947 2421 in
988 2363 1052 2426 effu

108 2445 232 2528 equites
254 2441 361 2506 fecere
382 2445 546 2527 impetum,
567 2453 604 2506 ut
623 2442 672 2507 illi
693 2464 763 2507 esse
784 2443 919 2527 pedites,
938 2442 972 2504 hi
993 2467 1052 2508 ver

67 2532 100 2580 49
110 2525 144 2586 in
171 2525 262 2609 equis
289 2524 487 2588 viderentur.
532 2526 616 2589 hanc
640 2534 781 2609 stragem
801 2525 956 2607 fugientis
985 2548 1052 2613 equ

106 2616 158 2671 tus
180 2605 263 2669 levis
292 2615 472 2670 armaturae
499 2609 594 2672 ruina
614 2610 765 2671 comitata
792 2617 856 2690 est3
880 2617 957 2672 tunc
983 2618 1052 2673 terr

107 2690 203 2752 latius
226 2687 316 2770 dato,
341 2690 548 2757 turbantibus
568 2693 708 2755 invicem
731 2697 768 2756 od
792 2692 849 2771 iis,
877 2691 1004 2777 reliqua
1027 2702 1052 2756 st

107 2792 165 2856 ges
181 2772 274 2857 quasi
286 2792 351 2834 una
371 2794 469 2837 manu
489 2775 576 2837 facta
595 2782 658 2857 est3
676 2796 736 2838 nec
751 2713 821 2852 *ulla
842 2797 894 2838 res
909 2777 1016 2859 magis
1040 2798 1052 2841 ε

65 2857 152 2919 sotio
174 2855 235 2919 fuit
279 2875 352 2917 uam
373 2856 624 2940 ipsaexeroitus
645 2857 844 2941 magnitude.
877 2857 996 2922 multus
1017 2861 1052 2923 in

106 2938 230 3022 proelio
257 2877 379 3002 gaasar
406 2937 469 3003 fuit
492 2940 681 3025 mediusque
707 2943 791 3005 inter
817 2941 1049 3025 imperatorem

32 3090 34 3095 ,
106 3021 251 3087 militem.
295 3042 392 3085 voces
417 3042 544 3108 quoque
566 3021 782 3108 obequitantis
809 3032 975 3108 acceptae,
1004 3025 1052 3089 alt

71 3146 78 3157 -
108 3114 257 3187 cruenta,
287 3104 345 3168 sed
366 3104 461 3169 docta
481 3114 513 3169 et
534 3105 577 3170 ad
597 3107 766 3169 victoriam
783 3106 899 3170 efficax
923 3107 1038 3172 ‘miles

109 3187 190 3249 ciem
210 3186 306 3251 ferii’
327 3187 428 3251 altera
450 3188 493 3252 ad
511 3189 716 3252 iactationem
735 3190 902 3273 conposita
923 3197 1041 3273 ‘parce

67 3267 240 3331 alvibusl⁹
261 3291 333 3333 cum
354 3272 425 3354 ipse
447 3280 634 3356 sequeretur
648 3271 777 3335 felicem
793 3281 966 3357 utcumque
988 3275 1052 3338 inr

95 3349 149 3413 lis
171 3350 374 3437 Pompeium,
403 3354 431 3417 si
458 3354 572 3417 eadem
592 3355 698 3438 ipsum
725 3376 808 3453 quae
835 3356 1052 3421 exereitume

109 3431 239 3497 fortuna
257 3437 420 3499 traxisset.
464 3445 628 3524 superstes
651 3438 818 3523 dignitatis
846 3458 922 3501 suae
942 3440 1044 3522 vixit,
