2356 3818
509 227 715 276 PRAEFATIO.
765 216 770 229 “

281 374 349 428 diem
370 389 397 442 p.
418 376 464 438 13,
488 379 519 429 15
538 372 621 426 huius
639 370 786 438 editionis,
809 368 1044 440 desinunt'p.3l,
1060 374 1107 447 9p

281 457 386 528 puduit.
550 464 552 469 '

191 543 466 610 le=lragmentum
495 537 622 593 Iordanis
653 541 681 593 in
707 538 804 593 codice
820 539 988 592 Emmerano
1015 534 1109 593 sive}

284 624 455 693 lisbonensi,
476 622 550 693 quod
567 621 669 677 desinit
682 639 710 694 p.
723 629 770 700 ll,
793 625 835 681 17.

193 711 273 780 lp=
285 706 375 762 codex
392 706 576 777 Pollingensis
592 705 728 761 Iordanis.

194 793 215 848 0
229 813 272 839 =
285 790 407 845 Iahnius.

120 940 121 944 Ἰ
193 874 416 930 H=Halmius.
962 918 966 925 .

151 962 220 1032 Pag.
234 962 267 1026 3,
279 964 313 1016 22
328 957 443 1028 scripsi:
464 961 591 1028 quattuor
607 957 741 1029 gradibus
755 956 860 1013 Romae
875 958 962 1025 [onos
976 956 1099 1011 distincto

59 1045 180 1100 debitur.
196 1045 288 1114 primu
300 1042 387 1111 uetus]
409 1041 458 1094 sub
469 1040 576 1111 reqibus
583 1040 640 1112 fuit
652 1047 704 1096 etc.
732 1041 824 1096 Verba
842 1042 950 1095 inclusa
970 1040 1069 1095 desunt
1080 1041 1105 1093 in

69 1131 97 1182 lu
113 1145 167 1199 quo
185 1125 328 1197 probabile
347 1130 389 1178 est
408 1125 536 1178 lacunam
547 1124 588 1179 sic
600 1130 725 1180 exortam
738 1141 819 1192 esse,
835 1131 864 1179 ut
880 1125 1007 1191 librarius
1024 1127 1058 1179 ab
1070 1125 1109 1177 altr

68 1217 145 1266 netes
161 1210 197 1265 ad
211 1211 326 1264 alterum
339 1207 413 1279 quod
428 1209 593 1278 sequebatur
606 1207 748 1263 aberraret
758 1207 904 1278 mediaque
916 1208 1109 1278 praetermitte]

70 1297 209 1350 Lacunam
224 1297 373 1362 utcumque
383 1293 501 1362 explere
519 1298 634 1346 conatus
653 1308 729 1359 sum,
751 1298 778 1346 ut
789 1293 868 1346 locus
887 1293 986 1346 saltem
1000 1292 1059 1345 sine
1077 1308 1109 1343 nn

69 1377 125 1449 legi
139 1383 246 1448 posset.
276 1376 307 1428 ln
323 1374 407 1444 codd.
425 1380 517 1430 autem
532 1374 715 1431 deterioribus
733 1377 840 1430 abiecto
857 1391 922 1434 voc.
941 1375 1062 1440 Rornae,
1081 1390 1109 1444 qu

69 1460 182 1515 lahnius
197 1457 289 1515 acod.
308 1456 412 1513 Bben'e
429 1465 570 1514 servatum
580 1476 636 1513 non
649 1459 767 1514 debebat
787 1459 915 1526 abicere,
940 1457 1023 1513 foeda
1039 1449 1109 1527 inter]

70 1545 136 1600 latio
147 1548 303 1616 propagata
319 1549 371 1598 est.
401 1545 486 1599 Paulo
502 1549 566 1614 post
582 1560 610 1597 v.
622 1548 666 1612 23,
681 1547 715 1602 26
730 1549 757 1598 et
767 1548 802 1602 30
814 1560 944 1598 numeros
961 1543 988 1594 in
1003 1541 1087 1596 codd.
1102 1549 1109 1594 l

50 1628 160 1696 ditos,
181 1643 348 1699 quamquam
365 1628 451 1682 salsos
470 1642 533 1681 csse
553 1643 645 1682 rerum
661 1626 777 1682 historia
794 1627 949 1692 convincit,
969 1627 1109 1699 restituent

70 1712 181 1782 putavi,
193 1711 300 1770 veritus
316 1727 351 1765 ne
363 1711 581 1765 correctionibus
594 1710 731 1765 editorum
743 1711 874 1767 admissis
891 1711 1052 1780 scriptorem
1066 1711 1109 1779 ips

73 1796 254 1866 corrigerem.
289 1794 409 1848 Accedit
427 1793 502 1863 quod
518 1809 572 1847 una
588 1794 717 1861 mutatio,
741 1810 811 1863 quae
824 1797 897 1850 tacta
908 1801 965 1858 est,
989 1793 1070 1847 etiam
1089 1794 1109 1846 fa

72 1884 130 1947 est;
150 1878 274 1948 namqui
294 1893 362 1948 pag.
376 1883 406 1943 3,
419 1881 452 1934 26
469 1877 644 1931 nominantur
665 1879 795 1933 consules
820 1883 884 1934 sunt
899 1877 1008 1948 Appius
1026 1874 1109 1930 Claud

75 1962 193 2018 Pulcher
209 1967 236 2016 et
249 1961 280 2028 Q.
299 1961 414 2015 Fulvius
429 1960 546 2014 Flaccus
562 1960 597 2015 lll
615 1961 665 2026 (cl.
682 1976 710 2031 p.
723 1965 773 2026 32,
785 1967 819 2020 26
832 1964 905 2033 sq.),
920 1962 966 2031 qui
984 1962 1109 2016 consulat

49 2057 51 2061 ’
74 2049 226 2115 gesserunt
237 2059 263 2097 a.
278 2048 329 2100 212
341 2060 367 2098 a.
384 2042 447 2098 Chr.
462 2058 505 2110 n.;
521 2043 705 2098 conficiuntur
721 2045 803 2116 igitur
814 2047 878 2101 anni
891 2045 948 2099 iere
963 2045 1085 2110 trecenti,
1102 2061 1109 2097 r

75 2128 154 2196 CCD,
177 2132 207 2181 ul
224 2126 347 2182 editores
368 2127 419 2181 sibi
432 2127 629 2198 corrigendum
650 2134 825 2198 putaverunt.
842 2159 885 2168 -
900 2131 931 2196 4,
947 2130 987 2184 ’24
1002 2129 1079 2181 cuius
1096 2129 1109 2181 o'

73 2213 213 2284 nnpusttus
226 2210 328 2267 Remus
340 2213 466 2282 increpat
476 2213 556 2282 saltn,
573 2211 681 2267 dubium
694 2230 739 2289 uns
744 2215 819 2268 iussu
831 2211 934 2284 fratris
945 2212 1051 2266 occisus
1063 2218 1102 2265 est

73 2298 149 2351 cuius
166 2295 230 2351 dum
248 2298 388 2372 anqustius
401 2296 504 2352 Remus
521 2298 648 2367 increpat
667 2299 738 2352 saltu
754 2298 894 2367 transiluit
909 2295 1017 2350 dubium
1034 2300 1086 2347 etc.
1108 2343 1109 2346 ,

73 2382 150 2434 cuius
175 2379 238 2434 dum
261 2379 362 2436 inridet
375 2383 515 2451 enpustius
533 2381 570 2436 R.
589 2382 670 2452 idque
694 2383 821 2449 increpat
835 2380 942 2434 duhum
962 2384 1012 2431 etc.
1033 2377 1065 2429 N.
1103 2408 1109 2429 r

75 2463 138 2517 misi
154 2462 242 2516 Iahnil
259 2463 494 2532 emendationem,
511 2479 681 2533 ‘quamquam
692 2464 753 2532 ipse
769 2464 875 2518 ineam
886 2461 978 2531 potius
995 2461 1109 2514 sentent}

75 2546 176 2600 inclino
194 2550 223 2598 ut
238 2544 310 2599 saltu
328 2543 519 2600 inducendum
539 2550 567 2598 et
584 2550 657 2600 totus
677 2546 756 2601 locus
770 2545 810 2599 sic
833 2543 997 2599 scribendus
1013 2545 1061 2597 sit:
1084 2560 1109 2598 cr

75 2631 139 2683 dum
155 2629 295 2699 enpustius
307 2627 343 2682 R.
359 2630 497 2698 increpet,
516 2629 654 2688 transiluit
664 2634 702 2697 et,
724 2627 831 2683 dubium
843 2644 880 2682 an
893 2629 968 2681 iussu
981 2627 1098 2698 fratris,

75 2714 150 2768 risus
164 2717 211 2767 est.
227 2737 269 2757 -n-
284 2716 315 2779 b,
326 2716 360 2768 22
377 2714 423 2767 cui
434 2714 477 2766 rei
488 2728 555 2767 mox
570 2712 598 2765 le
614 2717 659 2751 -’
669 2717 700 2780 6,
713 2717 731 2770 3
742 2718 881 2784 artemque
897 2711 1015 2765 bellandi
1030 2711 1081 2764 ln:

76 2802 180 2868 temque
195 2795 349 2850 debellandi
360 2794 418 2851 ΒΟ.
436 2823 478 2835 -
496 2800 527 2862 6,
543 2799 561 2851 4
590 2797 713 2865 paenitet
724 2812 779 2850 non
791 2795 939 2866 scripsisse
952 2797 1104 2849 enercitctc

76 2886 196 2950 oentute,
220 2884 250 2933 ut
265 2885 308 2933 eet
322 2879 352 2932 in
363 2879 408 2946 le;
431 2894 496 2932 nam
511 2879 594 2934 habet
609 2879 631 2933 B
647 2882 794 2934 exercitate
812 2881 962 2947 iuuentute,
985 2880 1094 2950 syllaba

76 2971 164 3018 trema
175 2961 311 3034 participii
327 2962 512 3017 terminationi
523 2964 664 3033 sequentis
678 2963 843 3019 substantivi
856 2964 1023 3030 assimilata;
1048 2961 1109 3015 Iahr

41 3092 44 3096 .
78 3063 114 3099 ex
127 3045 159 3100 lh
173 3053 199 3101 et
212 3046 236 3100 N
250 3043 327 3099 dedit
340 3048 464 3103 exercito
478 3048 620 3109 iuuentute.
630 3075 673 3087 -
687 3053 717 3114 6,
736 3051 769 3105 la
776 3048 960 3118 parricidium
975 3046 1017 3098 le:
1037 3063 1109 3114 porr

77 3129 142 3183 dam
163 3129 260 3185 licum
277 3128 362 3189 codd.
381 3131 440 3191 rell.
465 3130 601 3186 Firmatur
620 3130 777 3186 enrendatio
794 3147 810 3186 a
828 3147 871 3185 me
891 3131 1004 3200 recepta
1024 3130 1109 3198 script

79 3212 184 3268 codicis
196 3212 234 3278 B,
257 3213 302 3282 qui
322 3214 359 3268 ita
379 3211 463 3268 habet
480 3216 670 3284 parricidam,
691 3221 721 3270 ut
732 3216 822 3270 littera
844 3217 856 3269 r'
874 3221 936 3269 ante
954 3228 1000 3266 um
1016 3229 1097 3267 erasa

79 3296 120 3350 Ne
139 3296 199 3366 quis
219 3295 247 3348 in
260 3298 355 3352 verbis·
367 3298 559 3368 sequentibus,
582 3315 653 3370 quae
668 3297 780 3355 Iahnius
797 3315 832 3353 ex
846 3299 883 3353 Bl
904 3295 1075 3362 emendavit,
1098 3313 1109 3349 c

56 3376 61 3382 ”
79 3379 105 3433 Ν
121 3380 198 3434 malit
212 3378 325 3450 fucinus
341 3382 415 3440 intra
435 3383 550 3453 ptorianr
562 3380 631 3453 fuit,
647 3389 751 3440 'moneo
768 3382 841 3439 hanc
856 3398 921 3437 esse
939 3381 1081 3451 scriptoris
1098 3398 1109 3433 s

58 3463 312 3539 ¹tentiamagloria
327 3465 389 3536 plus
405 3467 517 3523 valebat
533 3482 615 3538 quarn
627 3467 750 3540 lacinus,
766 3465 841 3539 quod
858 3467 936 3537 leges
952 3472 980 3519 nt
997 3465 1075 3520 nelas
1095 3480 1109 3516 c
