2356 3818
132 217 173 281 70
481 226 764 279 momnrmom.
849 204 852 213 '

106 382 236 452 ssocios
253 380 287 443 in
303 401 393 443 arma
414 387 447 444 et
467 401 553 466 expu
576 379 740 444 nationem
754 377 845 443 urbis
863 379 1025 446 accendit.
1076 384 1129 449 uid

129 467 190 531 hac
211 464 303 529 clade
323 463 469 527 tristius?
498 401 576 549 quii
595 461 836 530 calamitosius?
863 485 936 529 cum
953 484 1055 533 omne
1101 489 1128 530 a·

129 551 210 613 tium
227 556 323 632 atque
346 547 517 628 Picenum,
537 545 669 610 Etruria
691 547 793 613 omnis
815 555 913 632 atque
939 547 1128 636 Campania,

153 641 291 697 ostrcmo
313 631 410 697 Italia
431 639 542 697 contra
562 638 697 695 matrem
720 651 811 694 suam
832 651 871 694 ac
891 643 1064 728 parentem
1081 658 1128 699 ur·

102 656 204 787 obem
221 723 446 799 consurgerem
464 735 537 778 cum
552 733 645 777 omne
665 712 765 779 robur
783 712 1037 783 fortissmomm
1055 717 1144 783 fide-r

129 800 390 898 lissimorumque
416 797 577 865 sociorum
598 796 658 861 sub
688 798 754 890 suis
784 799 920 883 quisque
947 800 976 863 si
1002 803 1057 865 nis
1079 802 1128 867 ha

128 884 244 949 berent
265 875 472 965 niumcipalia
496 879 554 945 illa
573 880 736 966 prodigia,
765 879 961 965 Pompedius
1027 906 1128 966 arsos,

129 969 150 1045 †
185 977 217 1031 et
246 967 380 1031 Latinos
414 963 584 1046 Afrienns,
619 963 762 1030 Vmbros
792 963 934 1047 Plotius,
966 966 1128 1051 Egnatius

104 1051 302 1129 7Etruscos,
325 1048 491 1113 Samnium
512 1049 753 1135 Lucaniamque
774 1047 961 1132 Telesinus3
986 1073 1064 1116 cum
1085 1074 1127 1117 re

128 1156 208 1217 gum
231 1141 263 1196 et
284 1131 429 1215 gentium
450 1132 570 1199 arbiter
586 1131 724 1218 populus
741 1135 847 1218 ipsum
868 1154 903 1196 se
925 1155 1045 1217 regere
1067 1155 1145 1200 nono

128 1224 251 1365 passm,
277 1223 310 1279 et
330 1214 450 1281 victrix
469 1218 570 1285 Asiae
592 1225 624 1280 et
644 1216 796 1302 Europae
818 1236 838 1278 a
860 1215 1003 1282 Corfinio
1027 1219 1128 1285 Roma

129 1320 149 1361 a
214 1306 345 1364 teretur.

102 1404 119 1454 8
170 1319 359 1447 pePrimum
390 1381 453 1447 luit
477 1382 556 1451 belli
584 1385 619 1449 in
643 1383 773 1449 Albano
805 1392 916 1450 monte
947 1387 1127 1470 eonsilium,

128 1475 165 1531 ut
185 1465 269 1531 festo
292 1466 345 1533 die
367 1466 557 1533 Latinarum
578 1467 680 1535 Iulius
703 1467 824 1534 Caesar
845 1477 877 1533 et
892 1469 1038 1535 Marcius
1057 1471 1127 1537 Phi·

102 1549 238 1636 tlippus
256 1551 405 1617 consules
424 1553 510 1617 inter
523 1574 617 1618 saera
634 1561 665 1616 et
677 1574 757 1636 ,aras
773 1553 1026 1619 immolarenturr
1069 1565 1146 1620 osto

129 1655 225 1719 quam
246 1635 282 1699 id
302 1635 394 1700 nefas
410 1637 593 1722 proditione
617 1636 798 1701 discussum
820 1645 884 1718 est,
902 1637 1025 1702 Asculo
1039 1577 1128 1704 Furor

128 1719 231 1783 omnis
271 1721 374 1805 erupit
379 1768 389 1801 ,
423 1721 458 1784 in
493 1723 565 1804 ipsa
605 1720 735 1803 quidem
764 1720 913 1785 ludorum
945 1720 1127 1807 frequentia

126 1802 297 1866 trucidatis
320 1805 375 1888 qui
398 1812 475 1869 tnnc
497 1803 631 1867 aderant
651 1802 692 1864 ab
711 1803 792 1866 urbe
817 1802 943 1886 legatis.
983 1804 1049 1869 hoc
1072 1807 1127 1871 fuit

85 1886 209 1970 1oinpii
240 1885 320 1951 belli
352 1892 597 1949 sacramentum.
630 1885 706 1948 inde
734 1886 798 1947 iam
847 1888 945 1948 assim
975 1888 1018 1951 ab
1045 1890 1127 1955 omni

126 1978 219 2054 parte
243 1968 358 2032 Italiac
381 1967 462 2031 duce
490 1975 522 2031 et
543 1974 674 2032 auctore
700 1966 779 2031 belli
808 1907 1009 2032 discursante
1036 1973 1146 2041 Ponto

49 2088 58 2095 -
125 2053 223 2138 pedio
255 2051 385 2115 diversa
416 2070 476 2134 per
505 2049 641 2135 populos
670 2059 701 2113 et
725 2049 822 2114 urbes
848 2051 941 2136 signa
966 2056 1125 2123 cecinere.

85 2151 113 2200 11
128 2157 188 2199 nec
220 2130 392 2199 Annibalis
423 2154 484 2198 nec
518 2133 638 2220 Pyrrhi
660 2133 726 2199 fuit
751 2143 841 2199 tanta
868 2135 1019 2200 vastatio.
1058 2160 1126 2207 ecoe

128 2215 339 2301 Ocriculum,¹
359 2237 433 2282 ecoe
467 2218 695 2300 Grumentum,
732 2240 807 2284 ecoe
838 2219 1017 2302 Faesulae,
1057 2244 1126 2291 ecee

129 2299 297 2380 Carseoli,
308 2301 482 2385 Aesernia,
500 2302 657 2384 Nuceria,
678 2303 826 2369 Picentia
845 2305 973 2389 penitus
992 2304 1126 2373 ferrost

84 2386 204 2467 teigne
228 2392 406 2448 vastantur.
430 2386 522 2450 fusae
545 2387 648 2451 Rutili
677 2390 802 2474 copiae,
825 2388 917 2453 fusae
940 2388 1147 2475 Caepioniss

124 2488 200 2531 nam
222 2466 293 2550 ipse
310 2466 413 2532 Iulius
437 2468 558 2535 (laesor
577 2472 721 2536 exercitu
737 2474 856 2536 amisso
875 2495 946 2537 cum
962 2473 997 2535 in
1013 2474 1126 2538 urbem

125 2558 275 2614 cruentus
300 2551 476 2617 referretur
498 2553 677 2618 miserabili
697 2556 826 2637 funere,
860 2556 967 2619 media
982 2556 1019 2619 in
1042 2558 1125 2622 urbe

82 2653 114 2704 13
124 2654 181 2718 per
195 2633 282 2697 viam
295 2634 422 2700 defecit.
447 2637 505 2702 sed
521 2661 639 2725 magna
654 2639 768 2739 populi
781 2640 919 2705 Romani
935 2639 1083 2722 fortuna,
1097 2649 1125 2704 et

125 2738 251 2802 semper
272 2718 306 2780 in
333 2719 426 2784 malis
456 2724 572 2806 maior,
604 2731 681 2788 totrs
708 2724 813 2788 denuo
843 2722 968 2786 viribus
992 2745 1123 2789 consur-

124 2803 225 2884 rexit,
270 2803 480 2892 adgressique
513 2807 659 2893 singulos
692 2805 829 2920 copules
869 2805 950 2870 Cato
991 2807 1147 2872 discutito

124 2885 295 2968 Etruscos,
329 2887 488 2955 Gabinius
519 2890 660 2970 Marsos,
690 2888 797 2955 barbo
828 2889 994 2973 Lucanos,
1035 2889 1124 2955 Sulla

83 2984 115 3034 14
126 2967 302 3054 Samnites3
331 2972 504 3059 Pompeius
525 2994 603 3037 vero
629 2970 744 3037 Strabo
771 2975 878 3039 omnia
899 2972 1038 3038 flammis
1062 2975 1123 3039 fer·

123 3076 222 3141 roque
246 3055 416 3141 populatus
438 3077 503 3119 non
523 3058 612 3138 prius
629 3055 728 3121 finem
750 3058 896 3121 caedium
919 3058 1007 3140 fecit,
1028 3072 1123 3146 quam

123 3138 237 3202 Asculi
267 3140 435 3202 eversione
461 3137 610 3202 manibus
634 3147 683 3203 tot
713 3142 928 3225 exercituum,
953 3141 1123 3207 consulum

123 3221 384 3308 direptarumque
405 3219 535 3286 urbium
558 3222 608 3287 dis
622 3223 785 3291 litaretur.
1129 3246 1170 3321 s,
