2356 3818
453 203 511 309 I,1
539 226 667 315 [1-21.
925 258 931 273 x
1039 232 1058 292 s

61 392 229 480 oppidum.
254 389 357 477 spolia
365 386 498 479 insuper
509 394 616 479 opima
627 393 667 459 de
678 416 755 478 rege
769 396 901 480 Agrone
912 395 1060 463 Feretrio

60 477 136 542 Iovi
143 475 291 539 manibus
305 476 371 546 suis
382 497 442 540 rex
451 478 638 562 reportavit.
658 477 785 542 Sabinis
796 480 942 566 proditae
948 489 1060 565 portae
1072 483 1103 540 12'

60 565 122 646 pe'r
142 560 303 643 virginem·
315 558 486 644 Tarpeiam
502 561 642 624 nomine.
671 561 782 625 dolose
820 562 907 626 uella
922 564 1061 647 pretium

59 643 115 707 rei
126 665 208 730 quae
218 641 377 727 gerebant
394 645 428 705 in
446 644 585 706 sinistris
602 645 776 729 petiverat,
793 584 925 709 dubium
940 646 1060 731 clipeos

37 746 108 789 san
119 726 278 808 armillas3
297 726 360 808 illi,
381 734 417 807 ut
434 735 466 790 et
484 726 582 790 fidem
593 728 756 792 solverent
773 736 804 791 et
821 727 1060 811 ulciscerentur,

62 809 176 908 clipeis
189 809 337 873 obmere.
355 811 401 873 ita
412 810 561 874 admissis
573 813 657 874 intra
668 813 795 875 moenia
804 811 960 894 hostibus,
968 822 1062 877 atrox
1073 833 1103 883 13

61 895 99 956 in
109 913 180 978 rpso
192 892 263 956 foro
273 914 399 977 pugna,
416 893 497 957 adeo
515 901 551 958 ut
563 894 717 958 Romulus
732 894 844 959 Iovem
856 904 975 976 oraret,
994 895 1060 959 foe-

61 977 139 1040 dam
151 975 404 1072 suorumiugam
415 978 560 1060 sisteret3
576 977 652 1041 hinc
662 979 816 1063 templum
827 987 858 1042 et
871 976 977 1043 Stator
986 979 1061 1064 Iup·
1087 1020 1093 1028 ‹

60 1061 157 1145 piter.
186 1059 317 1124 tandem
331 1060 511 1124 turentibus
529 1063 732 1125 intervenere
748 1071 859 1148 raptae
875 1063 990 1126 laceris
1009 1073 1103 1127 oo-14

24 1144 136 1206 remis.
176 1144 223 1206 sic
249 1165 315 1228 pax
339 1144 425 1207 facta
453 1150 524 1208 o'um
547 1144 650 1210 Tatio'
668 1144 782 1209 foedus
804 1169 846 1209 ue
866 1166 1081 1232 percussum·

61 1234 239 1312 secutaque
250 1249 303 1291 res
314 1228 396 1290 mira
407 1228 510 1310 dictu,
527 1237 563 1292 ut
582 1229 704 1292 relictis
724 1229 795 1293 sedi
815 1250 855 1292 us
868 1233 935 1294 suis
944 1250 1063 1293 novam

14 1376 20 1387 ,
60 1309 223 1373 inurbem
233 1309 341 1374 hostes
361 1311 578 1396 demigrarent
595 1321 626 1375 et
644 1319 717 1376 curn
734 1315 862 1397 generis
874 1315 940 1378 suis
956 1313 1060 1376 avitas
1080 1344 1084 1350 ’

61 1415 142 1479 opes
153 1414 213 1479 pro
233 1392 307 1458 dote
324 1395 493 1459 sociarent.
530 1398 632 1471 auctis
643 1395 736 1459 brevi
747 1396 886 1478 viribus,
905 1397 992 1465 hunc
1001 1419 1062 1460 rex
1072 1403 1102 1453 15

61 1477 323 1562 sapientissimus
335 1487 451 1541 statum
462 1478 509 1542 rei
520 1478 668 1563 publicae
680 1480 714 1541 in
738 1480 838 1542 osuit:
853 1481 1004 1543 iuventus
1015 1479 1061 1542 di-

27 1595 52 1635 15
63 1561 138 1623 visa
143 1582 203 1706 per
211 1560 315 1624 tribus
326 1562 361 1624 in
372 1562 461 1646 equis
475 1570 506 1625 et
518 1563 616 1624 armis
627 1561 670 1624 ad
681 1501 870 1624 subitabelli
878 1562 1061 1642 excubaret,

63 1647 153 1708 cons'
169 1644 237 1707 ium
248 1645 297 1707 rei
307 1644 455 1730 publicae
465 1666 564 1729 penes
576 1666 669 1711 senes
682 1653 780 1726 esset,
799 1646 854 1729 qui
873 1667 915 1709 ex
926 1647 1061 1708 auctori-

46 1736 130 1791 tate
141 1736 260 1812 patres,
272 1727 314 1792 ob
325 1736 463 1792 aetatem
476 1737 604 1792 senatus
621 1728 828 1792 vocabantur.
858 1728 909 1791 his
920 1731 965 1793 ita
977 1729 1059 1792 ordi·
1072 1745 1102 1794 16

62 1811 149 1874 natis
168 1819 310 1897 repente,
328 1832 402 1876 cum
418 1813 599 1876 contionem
615 1812 749 1876 haberet
765 1820 839 1875 ante
855 1811 968 1876 urbem
985 1811 1062 1898 aput

65 1894 193 1980 Caprae
208 1894 374 1980 paludem,
398 1905 607 1981 econspectu
624 1896 750 1960 ablatus
770 1904 827 1959 est.
862 1896 950 1983 disce
989 1905 1057 1960 tum
1070 1916 1101 1966 17

26 2005 54 2046 a
64 1978 167 2064 aliqui
178 1999 198 2040 a
211 1987 323 2042 senatu
338 1987 452 2064 putant
466 1979 507 2043 ob
522 1982 667 2066 asperius
679 1980 862 2064 ingenium,
881 1980 968 2043 sed'c
993 1989 1063 2043 crta

62 2069 237 2147 tempestas
251 2062 391 2147 solisque
410 2062 547 2127 defectio
560 2063 809 2128 consecrationis
821 2064 961 2149 speciem
971 2085 1062 2149 prae-

62 2145 175 2209 buere.
197 2146 249 2209 cui
267 2166 345 2209 mox
361 2144 464 2209 Iulius
475 2147 630 2211 Proculus
646 2147 744 2212 fidem
755 2147 971 2228 fecit·,‚visum
987 2168 1008 2209 a
1025 2168 1060 2211 se
1072 2158 1103 2208 18

62 2229 239 2293 Romulum
247 2227 610 2313 adfirmansaugustiore
618 2229 1062 2315 formaquamfuisset3man-

63 2312 142 2376 dar'e
158 2320 326 2398 praeterea
336 2319 372 2374 ut
383 2333 417 2374 se
426 2331 485 2397 pro
496 2314 625 2376 numine
637 2315 835 2398 acciperent3
848 2311 1018 2392 Quirinum
1029 2313 1064 2376 in

29 2394 300 2476 ucaelovocari3
334 2395 465 2459 lacitum
478 2395 527 2460 dis
539 2405 575 2460 ut
609 2398 729 2460 entium
740 2396 843 2460 Roma
851 2403 1025 2482 poteretur.

152 2478 302 2544 Succedit
311 2417 456 2544 licmulo
473 2479 579 2544 Numa
624 2479 787 2567 ompilius,
809 2501 904 2579 quem
923 2478 1090 2546 Curibusa

67 2562 198 2629 Sabinis
216 2571 367 2710 aglentem
382 2562 466 2627 ultro
485 2565 671 2664 petiverunt
688 2563 729 2629 ob
746 2562 891 2627 inchtam
907 2562 1062 2627 viri'reli-

66 2649 207 2732 gionem.
236 2649 243 2662 ”
272 2668 393 2710 esacra
404 2655 436 2710 et
447 2651 656 2712 caerrmcnias
675 2669 864 2732 omnemque
876 2647 996 2712 cultum
1008 2646 1087 2711 ‹le-2

34 2771 37 2774 -
68 2753 161 2796 orum
177 2731 394 2794 inmortalium
412 2730 529 2812 docuit,
547 2732 603 2796 ille
614 2732 791 2817 pontifices,
803 2752 952 2815 augures,
965 2730 1061 2794 salios

25 2840 53 2881 so
69 2823 177 2879 cetera
199 2835 240 2878 ue
260 2815 455 2896 sacerdotia,
480 2836 661 2902 annumque
682 2817 717 2880 in
739 2814 907 2879 duodecim
926 2834 1060 2893 menses,

66 2899 169 2964 fastos
178 2836 250 2962 dies
262 2899 469 2985 nefastosque
481 2899 659 2984 descripsit,
676 2900 731 2963 ille
743 2899 861 2962 ancilia
873 2898 977 2982 adque
988 2894 1061 2958 Pal·
1072 2907 1087 2957 3
1139 2944 1143 2953 .

66 2982 198 3063 ladium,
214 2991 338 3046 secreta
352 2983 510 3067 quaedam
520 2983 647 3068 imperii
656 2985 803 3082 pignora,
819 2982 995 3064 Ianumque
1007 2999 1060 3062 ge·
1152 2986 1157 2999 '

66 3068 199 3147 minum,
213 3064 311 3129 fidem
344 3067 410 3129 acis
421 3087 460 3130 ac
470 3066 563 3146 belli,
580 3067 615 3130 in
647 3068 737 3130 rrmis
749 3066 857 3129 focum
867 3063 985 3126 Vestae
997 3063 1061 3126 vir·-

66 3147 199 3235 ginibus
219 3087 389 3213 colendum
406 3149 509 3232 dedit,
533 3158 569 3213 ut
593 3171 613 3212 a
653 3149 858 3214 simulacrum
876 3146 1062 3210 caelestium

27 3263 54 3304 ss
69 3234 213 3298 siderum
235 3240 341 3297 custos
363 3234 408 3296 im
432 3235 491 3297 erii
511 3233 640 3296 flamma
659 3233 826 3318 vigilaret:
853 3229 932 3293 haec
954 3231 1062 3293 omnia

67 3315 376 3405 quasimonitudeae
412 3319 532 3401 geriae,
544 3339 607 3404 quc
617 3317 721 3415 magis
731 3313 1060 3400 barbariacciperent.
1113 3324 1116 3329 '

67 3425 105 3467 eo
115 3401 256 3487 denique
264 3400 564 3486 ferocempcpulum
574 3397 708 3489 redeg1t,
719 3407 764 3479 ut,
775 3395 1083 3483 quodvietiuiuria4

68 3494 244 3572 occuparat
253 3485 431 3571 imperium,
444 3484 601 3569 religione
612 3485 717 3572 adque
727 3480 1075 3567 iustitiagubernares=
1093 3541 1108 3558 ,
