2356 3818
279 616 298 679 .·
357 581 753 673 intulimus

442 773 636 783 ———-.

156 682 167 711 t

74 876 191 956 Florum
200 899 233 953 ab
243 897 264 955 0
273 904 321 953 tto
330 914 369 955 ne
385 897 510 954 lahnio
524 917 578 971 opo
592 899 697 954 codicis
705 892 921 971 Bambergensis
934 903 971 957 ita
984 918 1076 956 enien-

34 998 85 1038 nm
97 983 267 1053 accepimus,
284 988 313 1038 ut
324 983 404 1053 quasi
417 976 507 1041 novus
520 985 638 1055 scriptor
649 983 787 1038 videatur.
809 984 879 1040 Eius
885 988 1076 1042 recensionem

34 1084 52 1121 n
68 1081 302 1137 recognoscerem
317 1068 451 1137 optimum
468 1066 594 1122 codicem
609 1069 700 1138 ipsum
722 1067 759 1121 ad
774 1083 872 1123 manus
892 1068 1015 1136 habens,
1037 1069 1077 1123 di·

34 1149 172 1206 entissime
193 1151 270 1206 illum
286 1149 398 1221 quidem
413 1153 543 1207 collatum
564 1152 675 1219 inveni,
695 1157 725 1206 ut
742 1167 884 1222 perpauca
898 1169 973 1209 nova
988 1169 1076 1224 eaque

34 1251 48 1288 e
68 1237 96 1289 in
115 1235 222 1306 rasuris
239 1235 351 1290 latentia
369 1251 467 1290 cruere
484 1252 616 1306 possem,
642 1235 708 1304 sed,
726 1240 756 1289 ut
774 1241 837 1290 sunt
854 1253 942 1307 opera
955 1237 1077 1292 humana

34 1318 168 1389 perlecta,
184 1334 242 1373 rem
259 1317 366 1386 detexi,
388 1334 444 1388 qua
454 1321 585 1390 princeps
600 1319 684 1374 huius
701 1319 845 1390 scriptoris
859 1321 945 1375 editio
960 1321 1013 1376 hoc
1028 1337 1077 1375 no·

34 1409 63 1457 n'e
81 1418 149 1457 vere
164 1400 249 1474 digna
261 1402 382 1473 aliquam
397 1403 489 1458 labem
510 1404 601 1457 traxit.
633 1403 703 1456 Nam
721 1419 784 1456 cum
800 1403 913 1460 Iahnius
926 1403 1077 1459 adeditio·

34 1502 54 1540 n
71 1485 220 1552 Seebodii‚
242 1486 288 1556 qui
305 1486 387 1542 novis
402 1487 566 1544 lectionibus
580 1484 687 1541 codicis
699 1485 916 1558 Bambergensis
933 1493 1077 1559 praestan·

34 1570 106 1625 rimis
123 1569 258 1641 neglectis
280 1568 308 1622 in
326 1571 476 1623 verborum
493 1575 649 1624 contextum
667 1585 723 1624 non
735 1569 887 1625 admiserat
903 1571 956 1626 nlsi
970 1587 1076 1641 paucas

37 1650 200 1710 e‘ndationes
213 1652 349 1720 leviores,
371 1652 498 1708 codicem
515 1654 691 1722 contulisset,
707 1653 759 1708 sed
774 1657 931 1725 exemplum
947 1655 1076 1710 editionis

34 1738 154 1800 >ordinae
173 1754 189 1792 a
204 1753 234 1792 se
250 1743 404 1791 correctum
418 1737 530 1793 librario
548 1737 724 1806 tradidisset,
746 1739 842 1793 nescio
863 1734 917 1809 quo
934 1744 1015 1810 pacto
1030 1754 1075 1794 ac·

34 1821 60 1876 dt
73 1827 102 1876 ut
121 1822 225 1891 aliquot
241 1822 331 1875 bonae
346 1820 479 1876 lectiones
509 1839 525 1877 a
546 1821 685 1878 Seebodio
711 1822 801 1893 primo
822 1838 858 1876 ex
876 1823 1075 1894 Bambergensi

34 1912 119 1976 :eptae
138 1906 165 1958 in
184 1903 395 1960 transcribendo
411 1907 702 1975 praetermitterentur.
730 1907 787 1966 Has
801 1922 870 1978 ego,
890 1912 922 1961 ut
936 1921 987 1977 par
1008 1911 1075 1974 erat,

34 1987 90 2042 luxi
109 1995 135 2042 et
148 1995 250 2058 quanta
261 1989 338 2058 potui
358 2005 425 2043 cura
436 1989 525 2068 idgcgi
543 1995 570 2044 ut
587 1989 698 2044 tandem
709 1988 807 2045 Florus
823 1989 860 2044 ad
871 1989 955 2044 fidem
970 1989 1075 2045 codicis
1133 2005 1136 2016 ⁴

34 2073 128 2142 paucis
142 2073 248 2144 egregii
265 2071 477 2143 diligentissime
492 2073 660 2143 exigeretur.
688 2075 835 2127 Praeterea
850 2073 931 2127 trium
947 2072 1075 2128 codicum
1140 2078 1144 2091 ’

34 2150 133 2223 danis,
158 2173 227 2226 quos
247 2157 308 2225 ipse
332 2171 511 2210 excussorem
534 2160 578 2223 (v.
594 2156 682 2224 Iahnii
703 2157 791 2226 praet.
811 2172 839 2227 p.
857 2155 920 2222 Vll)
943 2157 1075 2212 lectiones
1110 2200 1112 2204 ,

34 2239 162 2295 rlustrans
182 2238 328 2294 nonnullas
345 2240 435 2293 bonas
452 2239 562 2304 inveni,
584 2255 654 2308 quas
666 2237 922 2293 Iahniusnondum
942 2239 970 2292 in
985 2241 1074 2294 lucem

34 2327 174 2379 ntraxerat.
208 2323 238 2376 In
259 2321 313 2376 hoc
333 2321 431 2376 iterato
450 2338 511 2376 cum
525 2322 606 2377 Floro
618 2321 818 2394 Bambergensi
834 2315 934 2377 etcum
949 2316 1075 2379 Iordanis

34 2403 136 2463 dicibus
155 2407 321 2462 commercio
336 2405 398 2460 fieri
415 2421 470 2458 non
487 2406 577 2476 potuit
592 2412 620 2460 ut
638 2421 693 2459 non
708 2406 812 2477 aliquot
825 2408 902 2461 locos
914 2422 950 2460 ex
962 2407 1074 2480 ingenio

34 2491 172 2562 rrigerem,
190 2506 305 2567 quorum
318 2488 474 2544 emendatio
488 2489 555 2544 mihi
570 2489 692 2546 nondum
703 2495 885 2555 successerat,
902 2506 964 2545 curn
978 2491 1074 2547 Iahnio

34 2571 87 2629 icas
102 2593 119 2630 a
136 2589 179 2628 me
195 2571 336 2630 sublectos
353 2575 505 2644 impertivi,
530 2573 580 2628 sed
593 2573 669 2645 quod
684 2575 765 2628 etiarn
783 2576 864 2646 plura
880 2572 1028 2630 emendare
1044 2577 1075 2631 li·

34 2656 66 2723 it,
82 2658 115 2713 id'
126 2664 270 2728 acceptum
285 2659 376 2711 reiero
394 2657 482 2711 doctis
495 2659 608 2726 amicis,
629 2647 869 2730 Bezzenberpcro,
889 2656 1073 2727 Mommsenio,

34 2743 150 2812 longolio,
177 2741 347 2812 Woelfflino,
368 2740 422 2795 Ed.
446 2741 582 2813 Wurmto,
606 2741 652 2813 qui
671 2757 737 2796 suas
756 2743 929 2806 coniecturas
949 2741 984 2796 de
1000 2758 1074 2796 com·

34 2825 117 2880 nribus
135 2824 204 2880 locis
222 2825 377 2896 desperatis
398 2841 507 2880 mecum
525 2825 808 2883 communicaverunt.
846 2826 877 2879 ln
896 2823 1072 2879 adnotatione

34 2909 86 2962 rtem
102 2909 196 2964 critica
212 2910 336 2964 subiecta
351 2924 448 2963 omnes
461 2909 538 2964 locos
555 2909 692 2978 indicavi,
714 2910 742 2964 in
757 2910 855 2980 quibus
869 2923 932 2962 mea
945 2909 1073 2963 recensio

34 2988 173 3048 tlahniana
188 2992 342 3063 discrepat,
360 3007 414 3063 qua
430 2993 457 3046 in
474 3009 504 3045 re
523 2993 571 3048 his
584 2993 656 3048 notis
672 3011 739 3069 usus
755 3006 830 3049 sum:

116 3077 138 3131 B
150 3097 194 3124 =
207 3075 298 3131 codex
308 3076 525 3147 Bambergensis
536 3077 620 3131 Flori.

116 3161 139 3214 N
153 3181 197 3209 =
207 3159 298 3215 codex
308 3159 480 3214 Nazarianus
495 3160 580 3216 Flori.

117 3245 128 3297 l
153 3243 319 3297 :codices
335 3241 518 3313 iordanis.(v.
536 3243 623 3299 Iahnii
636 3244 723 3317 prael.
738 3259 768 3314 p.
782 3241 820 3295 Vl
832 3242 907 3313 sqq.)
926 3281 928 3284 -
1000 3234 1006 3245 '

118 3328 145 3383 lb
161 3352 194 3378 =
206 3326 297 3381 codex
307 3325 522 3397 Bambergensis
536 3328 669 3384 historiae
681 3326 837 3393 miscellae,
855 3341 927 3397 quae
939 3331 1070 3394 excerpta

57 3411 60 3415 ’
208 3419 242 3466 ex
257 3412 338 3466 Floro
358 3411 490 3479 continet.
516 3413 592 3467 Haec
607 3411 741 3483 incipiunt
761 3411 882 3466 a'verbis
895 3411 988 3480 itaque
1002 3408 1077 3460 acas

827 3488 882 3548 ..gs
