2356 3818
413 196 775 286 1‚21„-22[11,s-o].
912 206 915 217 ¹
1048 204 1088 267 ao

91 387 130 431 se
142 365 177 428 in
188 363 348 449 Hispania
364 365 466 428 movit
482 363 541 427 illa
553 365 664 448 gravis
681 373 713 428 et
729 365 876 432 luctuosa
885 367 1001 432 Punici
1011 369 1090 433 belli

90 451 144 514 vis
156 446 198 511 ad
220 469 260 511 ue
270 455 444 533 tempestas
456 447 713 534 destinatumque
722 448 875 514 Romanis
886 453 951 517 iam
961 452 1018 516 diu
1028 453 1089 517 ful-

90 553 169 597 men
191 470 369 614 §Augustino
390 532 465 614 igno
490 530 657 612 conflavit,
680 533 789 596 statim
810 535 949 620 quodam
968 537 1090 622 impetu

91 624 187 702 rapta
198 613 320 678 medias
332 614 489 700 perfregit
498 613 601 698 Alpes
619 623 651 677 et
667 616 702 678 in
711 614 840 680 Italiam
857 617 982 683 abillis
997 619 1089 683 fabu-

63 721 80 759 1
93 701 182 764 losae
194 697 374 762 altitudinis
385 697 515 762 nivibus
527 697 617 761 velut
629 697 719 762 caelo
729 700 828 763 missa
840 700 1017 767 descendit.

149 788 152 793 ’
176 783 227 847 Ac
236 783 333 869 primi
344 782 477 868 quidem
489 781 739 865 impetusturbo
756 783 840 848 inter
850 783 977 849 Padum
994 796 1089 872 atque
1101 799 1134 851 10

93 867 244 935 Ticinum
260 864 369 935 valido
388 866 496 928 statim
512 864 642 948 fragore
666 864 821 931 detonuit.
854 876 923 951 tum
939 867 1089 968 Scipione

93 951 179 1017 duce
187 949 280 1015 fusus
292 950 470 1032 exercitus3
489 949 616 1012 saucius
634 949 731 1012 etiam
748 950 818 1035 ipse
838 952 981 1017 venisset
989 975 1024 1016 m
1036 954 1089 1019 ho·
1137 1013 1147 1029 ,

93 1035 191 1097 stium
201 1054 315 1097 manus
325 1033 509 1118 imperator,
527 1031 592 1095 nisi
606 1041 785 1116 protectum
802 1043 927 1120 patrem
943 1045 1089 1120 praetex-

60 1137 84 1176 10
92 1127 180 1181 tatus
197 1116 370 1181 admodum
385 1114 472 1179 filius
490 1115 532 1179 ab
548 1117 620 1214 ipsa
635 1123 739 1180 morte
755 1119 926 1202 rapuisset.
961 1119 1013 1183 hic
1030 1120 1091 1183 erit
1104 1125 1135 1176 ll

93 1200 212 1285 Scipio,
232 1202 288 1300 qui
304 1203 339 1264 in
356 1200 491 1264 exitium
500 1199 635 1264 Asmcae
653 1201 783 1283 crescit,
801 1223 918 1267 nomen
937 1224 979 1283 ex
996 1204 1100 1269 malis

91 1283 352 1348 eiushabrturus.

177 1366 291 1433 Ticino
307 1366 428 1431 Trebia
450 1367 603 1431 succedit.
637 1367 691 1431 bic
715 1368 858 1434 secunda
873 1370 989 1434 Punici
1009 1370 1088 1435 belli
1100 1382 1131 1431 12

114 1450 235 1517 rocella
256 1451 402 1516 desaevit
420 1451 609 1536 Sempronio
633 1451 775 1515 consule.
805 1462 874 1516 tum
891 1453 1090 1518 callidissimi

61 1476 213 1616 salustus,
225 1534 381 1618 frigidum
392 1545 423 1599 et
437 1535 578 1599 nivalem
588 1536 698 1597 nancti
710 1535 805 1617 diem,
823 1557 896 1600 cum
908 1559 942 1600 sc
959 1537 1090 1620 ignibus

91 1621 182 1706 prius
200 1617 334 1704 oleoque
350 1619 563 1683 fovissent—
578 1617 732 1682 horribile
751 1617 839 1683 dictu
850 1656 892 1670 -
908 1619 1053 1684 homines
1070 1642 1090 1683 a

90 1703 226 1767 meridie
238 1710 270 1765 et
282 1702 350 1767 sole
361 1705 538 1783 venientes,
550 1710 662 1766 nostra
673 1723 732 1766 nos
743 1701 848 1767 hieme
859 1704 1018 1767 vicerunt.

176 1785 417 1851 Trasumennus
430 1787 534 1868 lacus,
552 1788 683 1849 tertium
695 1785 818 1850 fulmen
828 1786 1017 1869 Annibalis,
1032 1789 1131 1851 1111-13

115 1881 241 1934 oratore
251 1870 411 1936 Flaminio
429 1890 482 1933 ars
491 1891 577 1935 nova
587 1869 729 1933 Punicae
740 1869 875 1934 fraudis.
905 1872 1023 1956 quippe
1036 1893 1089 1936 ne-

60 1971 83 2012 ro
90 1895 171 2019 bula
181 1953 269 2017 lacus
279 1954 542 2040 palustribusque
552 1953 704 2038 virgultis
715 1960 818 2017 tectus
830 1955 990 2040 equitatus
998 1964 1090 2039 terga

90 2037 199 2102 subito
215 2039 429 2122 pugnantium
444 2039 575 2101 invasit.
597 2041 658 2102 ne'c
677 2037 781 2101 dedis
798 2058 968 2122 possumus
982 2040 1082 2124 queri.
1092 2057 1126 2109 14

90 2123 301 2186 inminentem
321 2123 492 2186 temerario
515 2121 590 2184 duci
604 2120 737 2184 cladem
763 2121 992 2206 praedixerant
1013 2122 1089 2185 insi-

90 2205 202 2269 dentia
214 2204 315 2287 signis
327 2206 476 2268 examina
487 2212 519 2274 et
529 2203 655 2288 aquilae
666 2203 796 2288 prodire
807 2202 953 2267 nolentes
965 2213 996 2268 et
1008 2227 1089 2268 com-

88 2289 224 2354 missam
242 2287 345 2349 aciem
363 2295 491 2350 secutus
509 2287 624 2369 ingens
643 2295 748 2350 terrae
764 2295 900 2367 tremor3
919 2287 983 2349 nisi
998 2287 1090 2351 illum

58 2391 82 2434 rs
91 2372 261 2437 horrorem
273 2369 334 2434 soli
345 2371 488 2456 eqditum
498 2370 704 2456 virorumque
717 2370 882 2435 discursus
895 2379 926 2434 et
937 2378 1024 2434 mota
1035 2393 1088 2435 ve-

89 2455 272 2519 hementius
284 2474 374 2516 arma
385 2455 541 2518 fecerunt.

176 2537 335 2617 Quartum
344 2537 379 2603 id
394 2547 443 2602 est
454 2559 557 2637 paene
574 2537 722 2602 ultimum
732 2537 849 2603 volnus
867 2538 994 2638 imperii
1007 2538 1088 2604 Can·
1101 2564 1132 2614 15

88 2644 169 2702 nae,
191 2621 343 2705 ignobilis
367 2620 506 2707 Apuliae
528 2622 637 2705 vicus3
665 2621 723 2686 sed
744 2622 966 2705 magnitudine
988 2623 1088 2687 cladis

90 2707 223 2770 emersit
235 2714 266 2768 et
278 2708 447 2790 sexaginta
463 2706 587 2769 milium
599 2706 698 2770 caede
709 2714 807 2791 parta‘
813 2705 976 2770 nobilitas.
998 2707 1045 2770 ibi
1056 2709 1089 2770 in

55 2811 81 2851 oo
92 2789 258 2855 excidium
278 2788 417 2854 infelicis
437 2790 606 2854 exercitus
620 2789 700 2871 dux,
724 2799 826 2871 terra,
849 2789 987 2871 caelum,
1011 2790 1089 2869 dies,

88 2882 161 2938 tota
180 2894 288 2936 rerum
304 2882 420 2937 natura
441 2874 613 2938 consensit.
644 2874 673 2936 si
692 2874 822 2959 quidem
838 2895 903 2937 non
920 2880 1087 2936 contentus
1101 2897 1131 2948 16

90 2956 251 3022 simulatis
260 2957 439 3041 transfugis
449 2956 603 3038 Annibal,
622 2958 677 3044 qui
686 2979 764 3022 mox
773 2965 867 3040 terga
876 2957 1088 3041 pugnantium

90 3039 294 3120 ceciderunt,
323 3043 455 3125 insuper
482 3040 619 3105 callidus
648 3041 822 3126 imperator
848 3041 883 3102 in
905 3039 1089 3123 patentibus

90 3146 164 3190 cam
186 3124 225 3203 is,
243 3123 413 3188 observato
426 3125 490 3188 loci
498 3126 639 3209 ingenio,
657 3125 744 3211 quod
755 3133 787 3188 et
798 3122 846 3188 sol
857 3121 905 3185 ibi
915 3126 1089 3186 acerrimus

57 3230 83 3272 11
93 3146 293 3292 et-pllirimus
311 3207 420 3291 pulvis
438 3217 470 3271 ot
487 3230 583 3272 eurus
601 3209 642 3273 ab
660 3208 781 3272 oriente
800 3226 927 3290 semper
962 3207 1034 3270 uasi
1049 3227 1091 3271 ex

92 3291 283 3370 constituto,
304 3291 350 3354 ita
372 3291 526 3354 instruxit
547 3294 664 3375 aciem,
689 3300 734 3373 ut,
756 3290 910 3356 Romanis
932 3310 952 3352 a
975 3310 1089 3353 versus

91 3375 173 3438 haec
195 3376 303 3437 omnia
324 3373 488 3455 obversis,
511 3377 689 3441 secundum
710 3375 835 3440 caelum
854 3381 969 3439 tenens
992 3381 1089 3437 vento

91 3457 227 3541 pulvere
245 3466 277 3547 01
294 3457 362 3523 1010
373 3457 542 3543 pugnaret.
569 3460 678 3546 itaque
694 3459 757 3524 duo
776 3458 911 3525 maximi
927 3457 1095 3522 exercitus
1102 3473 1138 3516 1-1
