2356 3818
352 211 355 216 Ι
396 109 731 201 11‚4-o[1c-1s].
1033 120 1074 184 ss

70 279 165 344 mani
184 284 275 342 tanta
294 284 454 363 potestate
472 276 619 364 subnixi,
640 290 677 346 ut
697 283 753 369 qui
769 280 838 359 fata
864 281 1073 370 fortunasque

71 362 182 448 princi
204 383 259 424 um
281 359 438 424 haberent
462 362 497 425 in
514 383 626 451 manu,
649 366 837 450 interceptis
857 369 943 430 vecti
967 366 1073 431 alibus

10 466 18 519 ,¹
71 444 192 532 pecula
215 453 310 508 antur
326 465 384 507 suo
395 444 465 507 iure
476 466 545 508 rem
577 446 734 531 ublicam3
754 457 913 512 senatuse
940 450 1072 516 ‘ioMe-

10 534 19 573 ἰ
71 528 162 611 telli,
180 527 384 592 damnatione
396 526 498 590 Rutili
512 468 698 597 debilitatus
710 554 803 596 omne
815 531 913 596 decus
925 534 1072 597 maiesta-

10 618 18 658 Ι
40 639 54 678 r
71 613 118 676 tis
130 613 293 676 amiserat.
314 612 348 674 in
359 609 420 674 hoc
435 621 521 674 statu
532 633 641 676 rerum
651 636 746 700 pares
765 636 783 678 o
805 614 879 687 ibus
891 617 1007 679 animis
1025 617 1098 680 ‹ri-4

10 704 18 775 J
72 696 199 782 gnitate
219 695 317 781 (unde
336 703 367 758 et
385 694 541 757 natalium
561 695 671 763 Druso
689 636 859 762 aemuliatio
876 702 1071 786 accesserat)
1174 690 1176 701 '

10 786 17 825 l
73 780 217 865 equitem
229 777 386 843 Servilius
401 777 535 864 Caepio,
558 780 708 845 senatum'
714 782 829 846 Livius
841 781 969 845 Drusus
982 782 1073 846 adse-

10 870 16 909 !
72 882 159 927 rere.
184 862 279 946 signa
293 860 420 948 aquilae
434 872 466 925 et
476 861 598 926 vexilla
609 864 758 929 deerant:
778 874 919 931 ceterum
931 866 978 928 sic
992 864 1097 930 urbes

10 955 12 989 ³
72 949 110 1010 in
120 966 188 1009 una
204 946 296 1031 quasi
314 946 348 1009 in
363 943 450 1009 binis
465 947 579 1010 eastris
596 947 823 1013 dissidebatur.
846 950 936 1034 prior
951 948 978 1013 C
1040 949 1072 1013 io

10 1040 14 1076 ³
35 1031 111 1111 roim
128 1039 276 1093 senatum
292 1029 413 1115 impetu
430 1029 517 1092 facto
536 1051 609 1094 reos
626 1031 765 1096 ambitus
784 1030 940 1096 Scaurum
956 1032 1024 1096 etP
1050 1033 1072 1079 '-

10 1124 12 1129 ’
72 1116 199 1199 lippum
215 1112 378 1200 principes
396 1112 574 1178 nobilitatis
593 1113 701 1199 elegit.
729 1116 779 1180 his
790 1124 826 1179 ut
843 1114 983 1179 motibus
994 1116 1099 1179 resi-o

73 1206 178 1261 steret
186 1196 330 1278 Drusus,
364 1195 470 1261 lebem
481 1197 524 1260 ad
536 1218 570 1260 se
583 1197 782 1263 Gracchanis
794 1198 936 1283 legibus,
955 1199 1072 1263 isdem-

72 1301 140 1380 qus
159 1280 262 1344 socios
276 1280 318 1343 ad
320 1219 458 1427 plebem
477 1302 533 1365 spe
550 1282 690 1346 civitatis
707 1284 816 1347 traxit.
840 1291 929 1346 extat
942 1304 1010 1347 vox
1023 1284 1072 1368 ip-

72 1385 155 1445 srus,
163 1363 244 1427 nihil
252 1384 286 1427 se
300 1385 319 1425 a
348 1363 553 1447 largitionem
564 1363 623 1428 ulli
635 1365 812 1451 reliquisse,
820 1367 885 1428 nisi
898 1367 1005 1451 siquis
1017 1375 1073 1428 aut

32 1464 61 1508 rs
72 1467 212 1512 caenum
223 1444 369 1511 dividere
380 1447 481 1510 vellet
493 1455 549 1511 aut
562 1448 696 1513 caelum.
722 1449 834 1512 aderat
843 1447 1097 1534 promulgandi⁷

71 1531 162 1611 dies,
179 1551 252 1595 cum
269 1530 375 1595 subito
397 1539 487 1594 tanta
504 1530 554 1593 vis
570 1530 735 1595 hominum
753 1532 896 1617 undique
914 1532 1071 1616 appamit,

70 1622 111 1678 ut
121 1612 261 1678 hostium
275 1613 417 1678 adventu
434 1613 567 1678 obsessa
584 1616 699 1679 civitas
715 1615 890 1679 rideretur.
914 1636 1012 1678 ausus
1025 1613 1098 1678 tat-8

69 1718 150 1763 men
169 1696 246 1762 obro
271 1719 325 1760 are
341 1697 468 1780 legibus
488 1697 600 1761 consul
618 1698 803 1797 Philippus,
820 1698 878 1762 sed
895 1696 1072 1783 adprehen-

72 1802 149 1844 sum
164 1720 313 1845 fauciims
331 1781 437 1844 viator
457 1803 522 1845 non
540 1789 614 1844 ante
635 1782 756 1846 dimrsrt
774 1803 871 1868 quam
887 1783 1019 1866 sanguis
1037 1782 1072 1844 in

28 1882 62 1926 ao
72 1886 113 1930 os
125 1872 159 1928 et
169 1863 278 1929 oculos
290 1865 496 1929 redundaret.
527 1866 573 1928 sic
588 1887 648 1950 per
660 1866 726 1931 vim
742 1866 826 1929 latae
843 1866 1014 1950 iussaeque
1027 1864 1097 1927 leo

69 1969 144 2034 ges.
172 1956 203 2012 et
200 1949 352 2096 ffifium
364 1949 542 2032 rogationis
555 1950 662 2012 statim
675 1951 753 2013 socii
763 1949 926 2032 flagitare,
939 1970 1012 2011 cum
1023 1949 1072 2010 in-

68 2052 185 2118 parem
275 2053 346 2095 sum
365 2054 561 2118 aegrumque
577 2052 685 2096 rerum
701 2042 821 2095 temere
836 2040 994 2095 motarum
1007 2051 1072 2092 ma-

69 2127 163 2196 tura,
189 2124 226 2180 ut
249 2119 285 2180 in
310 2115 369 2179 tali
393 2116 591 2197 discrimine,
619 2136 705 2178 mors
734 2113 878 2178 abstulit.
912 2134 973 2176 nec
999 2112 1073 2176 ideo

72 2198 195 2287 [minus
215 2201 299 2266 socii
312 2199 472 2284 promissa
478 2196 579 2262 Drusi
590 2219 610 2260 a
619 2196 737 2283 populo
749 2197 894 2263 Romano
904 2216 1074 2281 reposcere

31 2198 364 2348 2⁵armisdesiemnt.

211 2408 271 2473 VI.
296 2409 480 2473 BELLVM
506 2405 754 2473 ADVERSVM
775 2402 940 2472 SOCIOS.
964 2397 967 2403 “

159 2518 286 2583 Bellum
304 2521 391 2606 quod
401 2520 556 2584 adversus
573 2520 677 2584 socios
692 2526 819 2603 gestum
830 2525 879 2580 est
895 2515 1013 2581 sociale
1029 2531 1079 2595 111,
1101 2511 1141 2578 18

71 2601 198 2668 bellum
207 2612 342 2667 vocetur
352 2604 445 2686 licet,
456 2612 492 2667 ut
505 2612 714 2668 extenuemus
726 2601 901 2682 invidiam3
921 2600 949 2662 si
959 2621 1072 2663 verum

72 2698 184 2751 tamen
194 2685 358 2770 volumus,
369 2687 452 2752 illud
462 2687 559 2751 civile
574 2684 696 2750 bellum
706 2685 777 2748 fuit.
801 2685 919 2770 quippe
934 2703 1007 2746 cum
1017 2703 1072 2767 po·

36 2768 172 2857 capulus
189 2770 353 2835 Romanus
370 2771 541 2850 Etruscos,
559 2769 693 2833 Latinos
711 2766 911 2851 Sabinosque
931 2763 994 2829 sibi
1015 2766 1072 2829 mi-

71 2852 195 2918 scuerit
212 2863 245 2917 ot
260 2877 365 2918 unum
382 2877 424 2919 ex
441 2852 589 2919 omnibus
609 2852 799 2936 sanguinem
818 2850 930 2931 ducat,
956 2868 1072 2932 corpus

71 2937 153 3005 fecit
174 2958 217 3000 ex
235 2937 388 3002 membris
405 2948 437 3001 et
456 2960 499 3002 ex
515 2935 663 3002 omuibus
680 2957 764 3002 unus
786 2942 851 3014 est3
872 2951 932 2994 nec
948 2932 1097 2995 minores

70 3016 199 3106 flagitio
210 3022 291 3085 socii
306 3023 392 3085 intra
402 3020 531 3086 Italiam
543 3036 640 3107 quam
649 3020 736 3082 intra
744 3015 858 3080 urbem
869 3015 958 3078 cives
968 3012 1072 3078 rebel-

70 3103 196 3169 labant.
220 3105 328 3191 itaque
341 3127 414 3168 cum
423 3107 474 3169 ius
487 3104 644 3185 civitatis,
663 3124 759 3189 quam
769 3097 893 3163 viribus
905 3105 1097 3179 auxerant,3

38 3203 63 3245 ³⁵
73 3189 158 3253 socii
172 3189 349 3268 iustissime
363 3189 577 3273 postularent,
596 3209 691 3272 quam
707 3187 741 3249 in
752 3205 842 3269 spem
853 3188 907 3247 eos
922 3181 1072 3267 cupidine

72 3272 302 3339 dominationis
316 3270 444 3334 Drusus
462 3280 623 3350 erexerat,
639 3277 809 3355 postquam
825 3266 881 3330 ille
892 3266 1095 3331 domesticos

71 3355 198 3421 scelere
214 3376 385 3441 oppressus
402 3362 465 3437 est,
484 3355 596 3419 eadem
612 3353 684 3435 fax,
698 3373 780 3438 quae
801 3349 892 3414 illum
908 3348 1077 3424 cremauit,
