2356 3818
521 77 529 111 l

374 213 733 313 1‚11-ra[16-1s].
887 285 893 303 ,
1020 204 1132 282 17'

48 402 137 446 mox
160 380 351 462 acervatim3
377 381 425 444 si'c
445 389 553 445 tamen
595 403 637 446 uo
659 404 700 446 ue
727 400 786 467 par
812 383 960 448 omnibus
983 378 1055 450 fuit.

55 465 270 529 Etruscorum
278 403 700 551 duodecmpopmi,llmln
709 466 744 529 in
755 466 789 529 id
798 475 923 566 tempus
934 469 1056 551 intacti,

44 547 301 634 antiquissimus
313 546 427 612 Italiae
444 548 591 634 populus,
610 547 801 614 Samnitium
816 550 933 636 rehqui
949 553 984 615 in
1000 573 1055 616 ex-

56 633 180 697 cidium
198 631 336 694 Romani
351 633 490 695 nominis
507 642 639 717 repente
658 633 836 697 coniurant.
867 643 936 698 erat
951 642 1080 712 terror2

23 718 175 800 singens
184 723 232 778 tot
243 714 337 778 simul
348 724 573 814 tantorumque
583 715 784 805 populorum.
812 716 881 781 late.
888 739 948 803 per
959 717 1053 781 Etru«

55 801 141 863 riam
154 797 273 861 infesta
291 807 440 885 quattuor
451 820 616 885 agminum
633 801 727 884 signa
743 799 931 864 volitabant.
958 800 1080 866 (limi-3

55 884 132 946 nius
143 883 272 945 interim
283 883 384 946 saltus
395 884 430 946 in
444 882 559 964 medio,
576 892 650 947 ante
665 884 773 947 invius
784 883 879 969 plane
891 885 983 970 quasi
996 883 1055 948 Oa-

55 966 206 1030 ledonius
226 964 279 1029 vel
297 966 500 1051 Hercynius,
523 966 605 1032 adeo
624 976 692 1030 tum
709 969 826 1030 terrori
846 978 936 1050 erat,
951 976 989 1034 ut
1007 989 1055 1030 se·

54 1058 153 1116 natus
177 1048 301 1113 consuli
328 1050 532 1115 denuntiaret
558 1072 599 1114 ne
623 1058 748 1114 tantum
772 1050 909 1136 periculi
928 1051 1055 1136 ingredi

17 1158 47 1201 ro
56 1133 203 1198 auderet.
229 1141 278 1195 set
288 1132 369 1196 nihil
380 1133 494 1197 horum
505 1134 752 1216 terruit'ducem,
765 1136 842 1221 quin
853 1135 952 1199 fratre
983 1137 1082 1202 ,rae-4

53 1219 157 1280 misso
173 1212 356 1302 exploraret
368 1239 529 1281 accessus.
553 1217 608 1282 ille
624 1240 683 1304 per
693 1227 821 1282 noctem
834 1157 990 1305 pastorali
1000 1217 1055 1281 ha-

53 1301 130 1365 bitu
145 1299 326 1386 speculatus
338 1303 446 1365 omnia
461 1301 562 1365 refert
576 1311 680 1365 tntum
696 1303 768 1366 iter.
792 1303 840 1369 sic
854 1302 975 1367 Fabius
987 1302 1080 1366 Mac

54 1385 165 1448 ximus
204 1383 488 1449 ericulosissimum
505 1384 627 1449 bellum
645 1388 714 1449 sine
733 1386 877 1472 periculo
890 1386 1054 1472 explicuit.

55 1489 134 1530 nam
149 1405 253 1530 sulam
267 1468 449 1532 inconditos
464 1468 568 1567 adque
579 1467 720 1553 palantis
734 1470 908 1553 adgressus
923 1479 972 1533 est
983 1491 1054 1554 cap·

17 1553 164 1636 istisque
177 1551 395 1636 superioribus
414 1553 499 1635 iugis
517 1573 554 1625 m
571 1550 731 1615 subiectos
750 1574 807 1616 suo
818 1554 888 1616 iure
901 1553 1054 1617 detonuit.
1084 1579 1092 1596 .

55 1655 244 1720 canamque
258 1637 382 1720 species
400 1635 462 1698 fuit
479 1634 567 1698 illius
578 1633 666 1717 belli,
684 1636 777 1720 quasi
794 1637 829 1699 in
843 1637 1025 1720 terrigenas
1038 1647 1082 1700 co

55 1716 148 1782 caelo
164 1738 202 1780 ac
219 1717 359 1782 nubibus
380 1717 446 1782 tela
463 1720 655 1781 iacerentur.
688 1740 748 1782 nec
766 1720 934 1783 incruenta
947 1728 1080 1785 tament

54 1801 114 1865 illa
126 1802 278 1888 victoria.
289 1824 365 1864 nam
375 1823 547 1887 oppressus
560 1804 594 1865 in
607 1802 680 1866 sinu
690 1803 786 1866 vallis
798 1803 879 1867 alter
891 1802 1057 1867 consulum

55 1885 180 1949 Decius
195 1881 290 1949 more'
300 1888 406 1972 patrio
428 1887 580 1952 devotum
596 1886 646 1950 dis
658 1886 807 1950 manibus
822 1885 936 1975 optulit
952 1893 1056 1971 caput,

21 1992 48 2038 a
58 1968 309 2055 sollemnemque
325 1969 467 2034 familiae
480 1992 557 2035 suae
569 1971 842 2037 consecrationem
853 1971 888 2034 in
902 1971 1057 2034 victoriae

54 2054 198 2139 pretium
213 2055 349 2139 peregit.
432 2068 435 2073 '

62 2260 65 2264 ,
184 2194 191 2206 ·
240 2184 348 2285 ιΧΙΠ.
368 2184 870 2249 nnnnvuunanuumvn.

142 2302 295 2387 Sequitur
305 2299 427 2363 bellum
439 2300 657 2382 Tarentinum,
670 2322 771 2363 unum
782 2299 911 2385 quidem
920 2298 1013 2364 titulo
1024 2310 1056 2364 et
1064 2305 1103 2370 18

57 2388 203 2466 nomine,
231 2393 280 2448 set
296 2385 433 2448 victoria
453 2383 632 2468 multiplex.
671 2383 732 2446 hoc
757 2384 843 2446 enim
865 2381 1056 2469 Campanos,

26 2487 50 2528 rs
60 2469 185 2556 Apulos
197 2476 293 2555 atquc
310 2468 460 2533 Lucanos
476 2477 507 2532 et
524 2477 620 2553 caput
637 2466 716 2533 belli
733 2466 935 2549 Tarentinos,
954 2468 990 2532 id
1009 2477 1058 2532 est

57 2564 159 2619 totam
169 2552 305 2635 Italiam,
325 2561 356 2616 et
373 2575 445 2616 cum
456 2550 656 2616 iisomnibus
667 2551 838 2638 Pyrrhum,
846 2549 1059 2623 clarissimum

58 2637 218 2703 Graeciae
231 2659 351 2720 regem,
366 2658 431 2700 una
441 2635 544 2700 veluti
554 2637 648 2699 ruina
661 2637 784 2720 pariter
794 2634 942 2716 involvit,
960 2644 996 2699 ut
1007 2658 1057 2699 eo-

58 2722 134 2786 dem
157 2729 299 2806 tempore
320 2730 352 2785 et
368 2720 498 2784 Italiam
518 2728 753 2784 consummaret
772 2728 804 2783 et
825 2721 1057 2782 transmarinos

56 2803 237 2889 triumplios
261 2806 491 2890 auspicaretur.
532 2803 707 2884 Tarentus,
727 2802 1082 2867 Lacedaemoniorum

28 2911 52 2951 co
61 2910 153 2975 opus,
168 2887 338 2953 Calabriae
353 2888 514 2975 quondam
526 2896 557 2951 et
568 2886 707 2972 Apuliae
717 2887 881 2972 totiusque
893 2885 1057 2949 Lucaniae

58 2982 165 3073 caput,
187 2994 260 3035 cum
270 2972 492 3056 magnitudine
505 2982 537 3036 et
551 2971 650 3034 muris
667 2980 826 3069 portuque
844 2968 972 3049 nobilis,
989 2976 1057 3030 tum

58 3055 217 3121 mirabilis
236 3057 310 3119 situ.
342 3058 461 3141 quippe
478 3057 535 3119 ini
559 3056 603 3118 sis
621 3052 782 3118 Hadriam
799 3054 898 3115 maris
910 3050 1083 3120 faucibusa
1107 3078 1113 3097 ι

57 3143 165 3228 posita
187 3141 222 3203 in
249 3139 352 3203 omnis
372 3148 491 3220 terras,
554 3140 695 3221 istriam,
721 3137 903 3223 Illyricum,
924 3134 1056 3221 Epiron,

59 3224 227 3304 Achaiam,
239 3222 394 3304 Africam,
410 3221 553 3286 Siciliam
562 3221 637 3285 vela
649 3222 790 3286 dimittit.
806 3219 941 3282 inminet
952 3221 1059 3305 portui

28 3309 104 3373 asad
125 3317 330 3407 prospectum
352 3308 449 3369 maris
469 3308 610 3452 positum
626 3304 799 3383 theatrum,
822 3302 908 3388 quod
929 3302 1059 3389 quidem

59 3413 159 3456 causa
173 3412 311 3455 miserae
330 3390 454 3454 civitati
485 3391 532 3453 uit
544 3390 686 3454 omnium
697 3386 936 3450 calamitatium.
964 3387 1084 3450 ludose

59 3476 145 3541 forte
157 3474 352 3558 celebrabat,
364 3495 437 3539 cum
449 3473 687 3559 adremigantes
703 3470 795 3539 litori
804 3469 1070 3610 Romanpsoas-

101 3584 216 3624 rroavs.
