2356 3818
380 226 628 317 11,13[1111,2].
958 240 998 304 85

28 420 76 465 rm
95 397 216 462 maiore
238 394 396 460 dedecore
416 418 475 480 per
495 396 682 461 Thessalica
700 399 822 484 Tempe
846 423 927 487 equo
949 403 997 467 su-

28 491 109 563 eret,
136 488 172 544 ut
192 500 257 542 una
283 478 434 541 navicula
454 478 585 543 Lesbon
606 481 835 565 applicaretur,
864 495 900 547 ut
919 485 998 571 Sye-

28 566 70 629 'ris
101 566 136 626 in
167 563 295 627 deserto
328 560 462 626 Ciliciae
495 562 626 648 scopulo
656 564 767 648 fugam
787 566 822 628 in
848 565 997 651 Parthos,

28 649 149 712 fricam
174 642 228 710 vel
254 646 304 709 Ae
372 653 440 708 tum
467 647 619 730 agitaret,
646 656 682 709 ut
709 647 848 734 denique
867 649 997 716 Pelusio
1008 672 1042 721 52

28 741 97 796 tore
124 729 259 814 imperio
335 729 438 791 issimi
462 730 566 812 regis,
592 730 735 793 consiliis
757 730 937 815 spadonum
958 743 999 816 et,

28 834 40 878 a
63 812 143 911 quid
158 810 252 874 malis
272 811 415 893 deesset,
445 809 592 910 Septimii
618 813 792 876 desertoris
816 816 866 878 sui
888 815 998 900 gladio

28 895 179 961 ucrdatus
202 894 261 958 sub
280 893 381 959 oculis
402 912 514 958 uxoris
537 914 613 958 suae
634 894 874 983 liberorumque
896 919 999 964 more·

84 1060 177 1142 Quis
188 1080 253 1125 non
273 1067 439 1145 peractum
460 1081 531 1124 esse
552 1081 625 1124 cum
647 1061 801 1147 Pompeio
828 1064 1042 1138 erederet?53

28 1146 114 1231 quin
133 1145 239 1209 acrius
259 1142 359 1207 multo
387 1153 483 1230 atque
508 1142 729 1209 vehementius
751 1145 999 1212 Thessalici‘in·

28 1228 109 1293 indii
136 1230 261 1292 cineres
293 1225 505 1291 recaluerunt.
535 1234 590 1291 'et
617 1230 652 1292 in
680 1230 834 1315 ¹Aegypto
867 1232 1043 1316 quidemst

28 1313 157 1377 lversus
174 1308 347 1376 Caesarem
369 1311 439 1374 sine
482 1311 606 1375 artibus
626 1311 757 1375 bellum.
787 1315 842 1398 qui
864 1335 906 1412 pe
925 1330 1043 1383 cumas

28 1394 219 1476 tolemaeus,
242 1412 307 1456 *rex
332 1392 462 1456 Alexan
501 1394 568 1473 iac,
601 1416 759 1458 summum
787 1397 817 1458 ci
878 1419 893 1461 s
920 1397 1000 1461 belli

28 1477 106 1543 clus
127 1478 306 1562 peregisset
327 1484 358 1539 et
379 1475 493 1540 foedus
504 1478 665 1540 amicitiae
686 1499 758 1540 curn
774 1477 915 1544 Caesare
935 1502 999 1544 me-

28 1564 57 1625 io
78 1560 213 1645 Pompei
235 1560 340 1645 capite
362 1560 539 1641 sanxisset,
567 1559 722 1624 ultionem
743 1559 914 1625 clarissimi
937 1563 1000 1625 viri

28 1642 149 1708 auibus
170 1651 344 1741 quaerente
371 1640 516 1706 Fortuna
537 1662 634 1706 causa
655 1662 720 1706 non
748 1642 861 1707 defuit.
906 1643 1044 1711 Cleo-st

28 1736 102 1808 atra,
124 1740 210 1810 regis
233 1744 332 1807 soror,
346 1725 461 1790 adfusa
480 1725 628 1790 Caesaris
649 1725 786 1811 genibus
804 1736 929 1811 partem
949 1747 999 1792 re·

28 1812 58 1874 ui
77 1807 277 1895 reposcebat.
321 1808 432 1873 aderat
474 1808 579 1874 uellae
593 1809 712 1890 forma,
736 1817 768 1872 et
790 1827 873 1894 quae
896 1810 1000 1897 dupli-

28 1901 129 1959 estur
156 1912 199 1955 ex
225 1891 296 1973 illo,
325 1892 411 1978 quod
429 1830 503 1955 iadis
530 1912 627 1978 passa
646 1892 817 1956 videbatur
839 1892 999 1975 iniuriam,

28 1976 113 2041 lium
133 1976 234 2060 ipsius
255 1992 292 2038 re
315 1976 358 2056 is,
388 1977 443 2061 qui
463 1975 544 2039 Pom
567 1978 598 2039 ei
621 1996 734 2039 necem
760 1977 901 2074 partium
922 1977 1044 2060 fatam

28 2080 66 2124 sn
87 2056 220 2124 Caesari
240 1996 391 2139 dederat,
419 2058 507 2122 haud
556 2059 633 2123 ubic
653 2058 739 2122 idem
766 2080 801 2121 m
820 2060 926 2143 ipsum
944 2081 999 2124 au-

28 2164 112 2224 rsus,
139 2143 167 2205 si
194 2141 310 2205 fuisset
335 2143 472 2205 occasio.
523 2162 619 2227 quarn
646 2141 703 2205 ubi
725 2141 846 2205 Caesar
872 2144 1000 2206 restitui
1008 2160 1042 2209 58

28 2227 96 2290 assit
116 2225 151 2288 in
168 2246 312 2308 regnum,
335 2225 443 2287 statim
462 2223 503 2286 ab
524 2222 627 2287 isdem
647 2223 891 2308 percussoribus
905 2225 999 2287 Pom-

28 2311 53 2373 ei
76 2307 228 2373 obsessus
255 2309 290 2370 in
310 2308 403 2392 regia
428 2307 574 2393 quamvis
597 2308 717 2390 exigua
736 2326 835 2370 manu
855 2307 999 2391 ingentis

28 2393 165 2456 seruitus
194 2391 311 2454 molem
340 2392 422 2454 mira
451 2391 570 2454 virtute
599 2390 759 2454 sustinuit.
803 2410 842 2453 ac
859 2391 999 2474 primum
1009 2395 1042 2448 59

28 2476 221 2540 roximorum
241 2473 460 2538 aedificiorum
479 2483 575 2560 atque
595 2473 759 2538 navalium
780 2473 929 2537 incendio
951 2474 999 2537 in·

28 2567 158 2621 storum
176 2556 317 2620 hostium
336 2556 402 2621 tela
424 2554 605 2640 summovit,
627 2578 705 2621 mox
725 2559 760 2620 in
774 2557 1000 2642 paeninsulam

28 2641 133 2704 haren
155 2639 279 2703 subitus
308 2641 428 2723 evasit;
457 2641 533 2704 inde
561 2640 712 2728 depulsus
739 2643 773 2704 in
794 2641 897 2704 maria
918 2642 1000 2704 mira

28 2723 157 2787 elicitate
177 2722 220 2786 ad
265 2724 424 2787 roximam
451 2724 588 2789 classem
608 2726 765 2806 enatavit,
795 2724 908 2787 relicto
951 2725 999 2786 ui·

28 2828 77 2871 em
102 2806 137 2870 in
160 2745 312 2870 fluctibus
339 2802 565 2891 paludamento
593 2830 650 2871 seu
675 2807 742 2872 fato
771 2829 828 2871 seu
853 2746 998 2887 consilio,

28 2900 37 2954 t
56 2888 139 2953 illud
158 2889 384 2973 ingruentibus
403 2889 544 2964 hostium
559 2891 632 2955 telis
651 2893 804 2977 saxisque
824 2897 997 2974 peteretur.

28 2994 78 3037 mc
103 2980 251 3057 receptus
278 2995 298 3036 a
325 2973 468 3043 classicis
491 2976 572 3056 suis,
600 2975 743 3060 undique
766 2972 861 3037 simul
888 2971 997 3035 hostes
1008 2983 1042 3035 60

28 3056 133 3121 lortus
152 3054 192 3119 de
211 3055 323 3120 inbelli
342 3078 381 3120 ac
401 3057 526 3142 perfida
542 3068 638 3142 gente
660 3059 746 3121 iusta
766 3055 878 3141 generi
899 3057 999 3117 mani-

28 3162 61 3203 us
81 3139 180 3204 dedit.
225 3141 342 3225 quippe
371 3149 402 3204 et
430 3140 616 3206 Theodotus
634 3143 799 3224 'magister
826 3146 999 3222 auctorque

28 3225 103 3287 »tius
119 3221 212 3304 belli,
236 3231 268 3286 et
290 3243 331 3286 ne
351 3221 460 3287 virilia
487 3225 617 3310 quidem
648 3231 812 3308 portenta,
841 3218 999 3284 Pothinus

28 3327 98 3393 'que
128 3304 336 3391 Ganymedes
364 3306 494 3370 diveisa
524 3329 583 3393 per
610 3327 700 3369 mare
732 3315 763 3370 et
788 3313 892 3369 terras
920 3303 1000 3387 fuga

28 3399 103 3454 rorte
130 3389 320 3474 consumpti.
369 3389 457 3472 regis
484 3391 584 3488 ipsius
610 3410 726 3474 corpus
746 3389 896 3454 obrutum
921 3387 998 3451 limo

28 3483 165 3560 apertum
187 3482 235 3537 est
255 3474 290 3536 in
310 3491 426 3535 aureae
447 3471 566 3537 lor1cae
586 3472 719 3537 honore.
