2356 3818
439 194 676 283 11‚13[1111,2].
727 251 732 259 .
803 273 806 277 Ι
1012 198 1052 265 87

11 390 19 431 r
58 365 163 431 altera
184 363 317 427 Africae
338 361 478 427 claustra
501 360 662 427 servabat.
684 361 743 425 sed
763 382 839 424 acce
861 368 896 425 ta
915 363 1054 448 partium

11 456 18 514 i
59 448 153 514 clade
175 445 256 509 nihil
278 453 444 509 cunctatus
466 454 516 509 est
538 452 585 526 et,
609 452 645 509 ut
662 445 806 528 sapiente
845 467 957 528 rgnum
975 456 1095 530 erat,71

11 536 18 597 i
57 539 195 603 mortem
209 528 272 593 sibi
289 529 385 593 etiam
400 528 509 592 lactus
522 529 649 591 accivit.
672 542 747 590 nam
766 535 935 613 postquam
950 528 1053 594 filium

11 640 17 679 ι
57 614 255 697 comitesque
285 611 326 675 ab
354 611 505 696 amplexu
531 611 668 692 dimisit,
697 611 732 674 in
754 618 882 673 noctem
902 610 986 676 lecto
1010 613 1054 677 ad

11 722 17 761 ι
46 696 222 764 slucernam
254 694 399 758 Platonis
426 693 525 774 libro,
557 695 614 779 qui
640 693 901 757 inmortalitatem
925 695 1053 760 animae

13 818 36 835 ·-
56 780 169 861 docet,
198 777 330 876 paulum
370 778 451 840 uicti
474 776 579 858 dedit3
607 786 684 841 tunc
705 777 790 840 cirea
810 777 947 860 primam
968 779 1051 862 vigi-

11 866 15 925 l
56 863 136 927 liam
158 869 270 925 stricto
293 860 347 945 gla
373 861 402 925 'o
424 859 603 924 revelatum
622 868 735 945 pectus
756 858 855 923 semcl
871 860 1051 946 iterumque
1061 869 1095 919 72

11 968 13 977 ·
54 945 228 1032 percussit.
250 945 321 1006 ausi
342 940 498 1028 posthoc
518 945 625 1008 virum
647 942 765 1006 medici
786 941 909 1005 violare
929 943 1051 1006 fomen-

55 1030 111 1093 tis.
132 1027 189 1092 illc
211 1048 341 1111 passus,
369 1028 446 1090 dum
466 1027 692 1109 abscederent,
717 1026 850 1090 rescidit
868 1024 982 1110 plagas
1003 1047 1051 1089 se·

25 1119 197 1197 meumque
223 1111 258 1173 vi
285 1110 451 1194 sanguinis
473 1108 680 1174 moribundas
701 1131 815 1173 manus
837 1110 963 1194 inipso
984 1106 1051 1174 vol·
1114 1154 1117 1169 ,

54 1215 138 1259 nere
158 1193 302 1291 reliquit,
326 1193 413 1278 quod
433 1195 503 1278 ipse
522 1193 573 1257 bis
598 1193 729 1257 fecerat.

143 1274 245 1357 Quasi
270 1297 445 1361 numquam
467 1285 553 1341 esset
575 1276 775 1358 dimicatum,
803 1278 851 1338 sic
872 1296 962 1339 arma
983 1290 1096 1342 rur-73

55 1382 114 1424 sus
142 1369 175 1424 et
203 1367 332 1443 partes,
367 1369 550 1445 quantoque
576 1360 692 1424 Africa
725 1379 823 1446 supra
850 1358 1052 1423 Thessaliam

59 1444 146 1524 fuit,
176 1450 267 1506 tanto
291 1442 439 1506 Africam
470 1442 642 1527 superabat
668 1442 836 1526 Hispania.
900 1442 1092 1510 lurimum74

19 1534 215 1615 :acquantum
241 1524 363 1590 favoris
390 1525 536 1612 partibus
554 1525 654 1589 dabat
673 1525 858 1588 fraternitas
877 1464 999 1588 ducum
1019 1534 1052 1588 et

53 1630 118 1697 pro
141 1629 206 1672 uno
233 1608 313 1672 duos
334 1616 419 1671 stare
441 1608 623 1692 Pompeios.
658 1608 767 1694 itaque
787 1627 947 1691 nusquam
968 1615 1094 1678 atro-75

54 1693 130 1757 cius
157 1713 217 1755 nec
243 1700 309 1755 tam
331 1692 465 1790 ancipiti
483 1691 588 1756 Marte
611 1712 802 1756 coneursum
823 1697 882 1753 est.
913 1691 1053 1775 primum

54 1777 180 1862 inipso
198 1776 279 1838 ostio
296 1774 421 1838 Occam
436 1774 542 1840 Varus
552 1775 734 1861 Didiusque
750 1773 851 1857 legati
865 1771 1050 1837 conflixere.

54 1858 118 1923 scd
137 1858 242 1921 acrius
265 1857 326 1922 fuit
345 1879 419 1921 cum
437 1859 507 1944 ipso
526 1858 609 1923 mari
630 1880 726 1947 quam
748 1859 833 1920 inter
855 1878 890 1920 se
912 1855 1051 1920 navibus

17 1940 197 2022 rebellum,
228 1941 402 2026 siquidem,
456 1943 529 2006 uasi
552 1941 695 2006 furorem
721 1941 842 2005 civium
867 1940 1051 2025 castigaret,

53 2024 209 2090 Oceanus
230 2032 398 2109 utramque
421 1965 558 2089 classem
578 2025 750 2109 naufragio
770 2024 896 2088 cecidit.
920 2024 1093 2109 quinamto

52 2106 114 2171 ille
134 2107 262 2189 horror,
285 2128 358 2171 cum
378 2107 492 2171 eodem
504 2116 647 2192 tempore
663 2107 779 2170 fluctus
795 2106 966 2190 procellae,
987 2107 1052 2169 viri

53 2204 173 2273 naves,
206 2209 296 2255 arma
323 2198 356 2253 et
380 2198 578 2254 armamenta
602 2190 830 2272 confligerent!
865 2188 948 2251 adde
969 2189 1050 2251 situs

53 2273 159 2359 ipsius
185 2272 406 2354 formidinem,
440 2295 499 2337 ver
522 2274 610 2335 entia
632 2274 667 2335 in
685 2292 805 2351 unum,
835 2268 910 2332 hinc
932 2268 1050 2356 Hispa-

16 2357 150 2438 2sniae,
176 2356 253 2421 inde
272 2355 488 2419 Mauritaniae
498 2294 619 2437 ditora,
646 2376 735 2419 mare
758 2362 790 2416 et
811 2353 998 2423 intestinum
1020 2361 1051 2416 et

56 2442 229 2503 e'xternum
249 2438 506 2525 inminentesque
526 2437 679 2502 Herculis
701 2436 865 2523 speculas,
893 2459 966 2500 cum
986 2456 1050 2500 om·

54 2523 116 2585 nia
142 2522 284 2608 undique
317 2522 411 2586 simul
440 2521 564 2610 proelio
596 2531 638 2585 et·
655 2528 844 2607 tempestate
876 2521 1048 2605 saevirent.
1061 2537 1093 2586 77

54 2625 137 2671 mox
151 2607 238 2669 circa
254 2605 455 2669 obsidionem
469 2605 599 2669 urbium
614 2605 776 2691 utrimque
794 2603 975 2668 discursum
992 2612 1049 2684 est,

77 2706 142 2752 uae
168 2690 306 2753 miserae
332 2689 417 2751 inter
443 2688 501 2752 hos
530 2698 626 2774 atque
655 2687 729 2752 illos
758 2687 857 2751 duces
886 2684 1050 2751 societalis

16 2804 47 2846 ω
89 2788 224 2836 omanae
266 2792 364 2836 cenas
393 2771 525 2836 dabant.
554 2773 696 2834 omnium
716 2779 880 2854 postrema
905 2768 1049 2832 certami-

54 2875 136 2919 num
150 2854 230 2918 Mun
255 2868 284 2918 a.
306 2854 360 2917 hic
377 2875 442 2919 non
457 2876 516 2940 pro
533 2863 642 2917 cetera
659 2853 829 2935 felicitate,
854 2851 914 2915 sed
931 2871 1048 2947 anceps
1059 2859 1092 2908 78

55 2945 90 3001 et
111 2936 167 3001 diu
186 2938 278 3001 triste
298 2938 469 3021 proelium,
490 2945 527 3001 ut
548 2937 645 3022 plane
661 2936 825 3000 videretur
840 2932 950 2997 nescio
971 2931 1049 3017 qurd

54 3020 176 3085 librare
192 3020 347 3085 Fortuna.
370 3043 448 3085 sane
470 3028 502 3084 et
519 3023 588 3105 ipse
605 3028 680 3084 ante
697 3021 799 3083 aciem
814 3015 967 3080 maestior
983 3029 1092 3078 nanta

55 3124 102 3168 ex
126 3101 215 3168 inore
237 3103 373 3186 Caesar,
402 3106 472 3167 sive
498 3112 647 3189 respectu
674 3101 859 3184 fragilitatis
880 3098 1048 3180 humanae,

16 3187 129 3256 sasire
150 3188 282 3250 nimiam
302 3208 528 3271 prosperorum
546 3193 727 3270 suspectam
743 3182 866 3247 habens
885 3180 1049 3245 continua-

53 3270 194 3352 tionem,
225 3270 279 3334 vel
301 3268 414 3333 eadem
434 3271 567 3352 timens,
587 3277 757 3369 postquam
778 3266 866 3331 idem
887 3284 957 3328 esse
979 3283 1049 3328 coe-

54 3362 151 3437 perat
174 3353 260 3440 quod
280 3353 469 3436 Pompeius3
491 3361 523 3416 et
541 3355 577 3417 in
595 3372 666 3437 ipso
686 3350 824 3437 proelio,
848 3347 934 3435 quod
955 3368 1048 3412 nemo

56 3457 212 3523 umquam
237 3436 440 3517 meminerat,
470 3457 542 3500 cum
565 3436 621 3501 diu
643 3435 715 3521 pari
736 3432 841 3501 Marte
862 3431 948 3497 acies
969 3429 1093 3499 nihilso
