2356 3818
195 234 301 282 nmen
318 235 545 285 unuonmnrs.
568 220 679 286 VIIII.
691 220 735 285 X.
748 221 809 286 XI.
822 221 891 286 XII
912 223 1008 288 XIII.
1057 228 1089 288 lt

95 388 229 452 tertium
249 388 448 451 conditorem
469 387 491 466 †
512 385 576 452 looi
597 389 648 453 sui
671 388 826 454 Hellenas
848 390 974 475 dieunt3
1001 413 1094 478 quar-

94 480 148 535 tus
171 470 283 536 Oronii
308 471 394 535 filius
421 479 454 535 et
474 470 662 555 Oartheres,
693 495 787 560 quem
810 472 1095 560 Carthaginienses

95 554 220 637 colunt,
236 554 323 620 unde
342 554 505 639 Carthago
525 555 612 620 diota
631 565 695 639 est3
716 557 845 643 quintus
864 556 982 624 Libani
999 559 1094 642 filius,

116 640 151 703 ui
181 660 253 703 eum
285 659 362 723 rege
390 638 561 723 Medorum
608 643 763 725 ugnavit3
799 649 910 706 sextum
937 643 1026 709 Iovis
1053 664 1097 708 ex

70 661 289 805 sAloumena,
317 723 372 809 qui
394 722 565 800 †Atlanta
586 661 705 788 docuit.
790 724 792 729 ’

402 848 452 919 X.
488 855 551 920 DE
572 846 810 924 IMPERIIS.¹

176 972 317 1059 Imperia
330 972 371 1037 ab
392 973 522 1036 ineunte
546 975 619 1039 aevi
640 977 795 1040 memoria
813 975 944 1041 fuerunt
961 985 1093 1062 septem.

92 1055 196 1120 Primi
215 1079 323 1121 rerum
366 1058 437 1121 otiti
462 1066 537 1121 sunt
552 1057 617 1122 Ass
641 1059 697 1141 rii,
720 1060 837 1124 deindo
857 1061 960 1144 Medi,
982 1070 1095 1145 postea

92 1139 229 1223 Persae,
247 1150 316 1205 tum
328 1080 593 1223 l'lacedaemonii,
610 1081 686 1206 dein
697 1142 931 1228 Athenienses,
949 1152 1022 1231 post
1034 1145 1094 1211 hos

61 1250 86 1292 ιο
95 1224 172 1288 inde
193 1225 405 1290 Macedones:
435 1227 483 1290 sio
504 1225 622 1291 deinde
642 1226 789 1292 Romani.

314 1354 376 1419 xi.
414 1355 561 1447 nuens
582 1356 879 1424 Assrmonun.
948 1370 953 1380 ·

177 1471 277 1537 Belus
298 1495 375 1554 rex,
397 1472 486 1537 Iovis
509 1472 609 1557 filius,
638 1476 728 1539 ouius
749 1477 872 1563 posteri
892 1496 951 1560 per
971 1476 1117 1546 Ninum'l

91 1557 194 1622 Asiae
219 1566 455 1642 regnaverunt,
486 1578 545 1643 per
565 1557 752 1657 Aegyptum
776 1558 918 1645 Libyae,
950 1581 1009 1645 per
1027 1560 1094 1624 Da·

93 1663 194 1705 naum
210 1639 371 1728 Europae.
414 1640 519 1705 Ninus
533 1663 608 1724 rex,
624 1664 679 1742 qm
696 1644 819 1728 primus
834 1644 979 1707 exercitu
992 1661 1118 1730 propea

58 1757 84 1799 15
94 1734 196 1791 totam
225 1724 339 1788 Asiam
373 1724 433 1788 sub
464 1747 500 1788 se
530 1725 656 1810 redegrt
687 1735 718 1790 et
745 1727 956 1791 clarissimam
980 1727 1094 1791 urbem

91 1809 232 1873 neminie
273 1810 324 1873 sui
355 1808 500 1872 oondidit
531 1808 649 1874 Ninon.
705 1809 906 1892 Semiramis,
942 1811 1119 1876 Dercetis3

91 1892 255 1980 nymphae
279 1891 362 1975 filia,
390 1912 410 1954 a
432 1891 588 1958 columbis
621 1893 751 1977 educta,
779 1916 863 1959 uxor
890 1892 968 1957 Nini
996 1895 1093 1976 reis,

91 1978 186 2042 euius
207 1984 281 2061 post
301 1985 436 2041 mortem
456 1998 593 2061 regnum
613 1976 693 2041 Nini
713 1978 880 2064 ampliauit
901 1979 1016 2061 armis,
1069 2014 1093 2053 ,-

93 2061 183 2126 diam
210 2081 337 2146 quoque
363 2081 477 2146 parum
503 2082 658 2146 prospera
685 2061 891 2146 expeditione
912 2062 1093 2147 temptavit.

52 2143 187 2216 20Hae0
218 2142 333 2208 urbem
383 2142 611 2208 uloherrimam
641 2146 797 2225 omnium,
829 2165 910 2230 quae
942 2165 1095 2230 umquam

92 2228 240 2309 fuerunt,
263 2166 435 2314 Babyldna
455 2228 620 2308 constituit
638 2249 736 2314 supra
758 2227 878 2291 flumen
891 2226 1091 2313 Euphraten.

92 2309 361 2395 Sardanapallus,
395 2312 451 2396 qui
480 2310 521 2374 ob
552 2311 668 2375 nimias
702 2310 834 2376 delicias
868 2319 900 2374 et
929 2309 1118 2380 luxuriam4

90 2394 220 2481 perdito
236 2415 351 2478 regno,
372 2416 413 2458 ne
434 2395 468 2457 in
488 2402 680 2478 potestatem
700 2394 840 2459 hostium
859 2394 999 2476 veniret,
1019 2415 1093 2457 oum

92 2476 230 2543 exoletis
247 2479 313 2542 suis
328 2499 490 2542 venenum
509 2475 593 2540 bibit
611 2487 644 2542 et
664 2479 734 2564 igni
754 2477 897 2543 subiecto
917 2498 989 2543 oum
1001 2478 1092 2563 regia

51 2582 156 2646 ,ysne
178 2562 399 2646 conflagravit.
1068 2590 1075 2605 =

333 2694 412 2761 ΧΠ.
448 2655 595 2761 anons
615 2694 851 2762 nnnonvu.

177 2811 337 2895 Arbaoes,
397 2815 496 2878 rimus
523 2836 597 2896 rex,
632 2815 687 2901 qui
721 2837 851 2880 eversas
882 2812 1093 2899 Assyriorum

92 2916 172 2982 opes
199 2896 329 2961 luxuria
380 2896 581 2984 ardanapalli
608 2899 772 2962 transtulit
800 2897 875 2937 *⁸*
896 2917 1013 2983 eosque
1044 2897 1092 2960 iu·

92 2980 235 3044 stissime
255 2981 349 3045 rexit.
393 2982 571 3067 Astyages,
595 2983 647 3045 vir
662 2981 756 3047 fortis
776 2990 807 3045 et
822 2982 938 3062 iustus,
960 2981 1016 3128 ppi
1057 2999 1093 3044 er

51 3063 231 3139 winsidias
253 3066 357 3129 vietus
384 3085 404 3128 a
426 3064 513 3152 Cyro
536 3074 598 3149 est,
625 3074 658 3129 et
677 3064 869 3131 dissolutum
895 3072 944 3129 est
1000 3084 1017 3127 e
1073 3083 1092 3128 e

90 3168 240 3232 regnum.
913 3198 915 3209 .

312 3280 409 3346 XIII.
442 3280 589 3347 REGES
610 3277 860 3346 PERSARVM.

178 3397 301 3486 (lyme,
328 3421 389 3464 rex
413 3400 623 3482 fortissimus,
651 3399 706 3500 qui
730 3399 850 3499 maiore
899 3404 967 3462 arte
988 3399 1113 3499 Asiae!

89 3482 228 3550 subacta
241 3483 406 3570 Europam
421 3504 546 3572 quoque
563 3485 754 3572 inrupisset,
774 3504 809 3550 m
829 3503 850 3549 a
895 3505 999 3570 omym
1011 3480 1089 3564 Sey·
