2356 3818
74 110 111 171 ta
447 123 542 171 aven
558 122 702 171 suram

46 274 198 339 athanrm
216 273 331 358 regina
349 275 455 339 victam
475 294 712 373 oppressusque
734 280 831 335 esset.
875 270 1070 360 Cambyses,

70 356 197 433 filius†
224 378 324 502 equae
344 355 439 443 (lyri3
488 379 538 438 ιιι,
565 378 637 419 cum
664 355 867 440 septuaginta
893 355 987 420 milia
1014 357 1070 422 ho·

69 441 190 503 minum
211 462 248 503 su
273 441 392 525 egisset
412 442 446 504 in
467 380 621 524 Aegypto
641 448 673 502 et
698 459 808 522 regem
830 440 898 503 eius
919 440 1072 525 Amasin,

69 521 274 609 Aethiopiam
296 523 477 609 profectus,
506 544 623 606 magna
649 531 741 668 qqrte
765 521 902 585 militum
932 545 995 608 per
1023 525 1071 589 fa·

69 627 153 669 mem
179 608 312 689 omissa,
334 608 450 671 inritus
472 607 583 687 rediit3
621 629 661 669 ur
686 628 736 668 em
755 613 864 668 tamen
888 605 936 670 ibi
955 608 1093 675 condi-s

71 689 117 752 dit
147 689 289 754 Meroen.
343 691 377 754 Is
412 692 487 775 quia
514 690 602 774 Apin
630 710 755 752 sacrum
783 687 901 752 bovem
929 691 1072 756 interfici

70 774 223 854 iusserat,
243 775 292 836 ira
312 774 445 837 deorum
466 794 508 837 ex
528 794 610 858 equo
633 792 788 858 praeceps
805 793 901 857 super
922 772 1073 856 gladium

46 874 165 925 :esuum
192 857 257 919 ruit
283 858 508 942 extinctusque
537 866 595 920 est.
645 855 766 918 Darius
796 877 870 935 rex,
907 878 994 920 unus
1029 880 1074 923 ex

71 948 192 1025 septem
212 939 339 1021 Persis,
364 939 492 1003 hinnitu
514 941 588 1025 equi
612 960 748 1023 regnum
776 938 963 1021 adsecutus,
995 962 1072 1005 cum

71 1039 184 1087 cccxx
213 1022 343 1085 milibus
366 1023 532 1121 Europam
557 1024 718 1105 transivit.
762 1022 876 1085 Victus
904 1021 945 1086 ab
966 1023 1102 1090 Athen

69 1105 235 1169 nicnsibus
274 1105 354 1170 duce
384 1106 530 1170 Miltlade
570 1106 657 1192 apud
693 1104 885 1170 Marathona
920 1109 1071 1172 recessit.

45 1189 222 1269 4Xcrxes,
237 1187 332 1252 Darii
353 1189 454 1270 filius,
477 1211 549 1253 cum
569 1190 762 1254 decessisset
804 1197 872 1251 ater
895 1190 982 1272 eius,
1013 1191 1072 1256 ali-

72 1272 198 1357 quantis
219 1271 357 1335 navibus
379 1274 510 1336 armatis
530 1272 685 1337 militibus
707 1274 741 1335 in
762 1211 926 1357 Epuropam
950 1276 1072 1339 transi·

71 1356 119 1417 vit
139 1355 343 1421 contabulato
354 1356 564 1442 Hellesponto
584 1365 615 1420 et
635 1356 740 1420 forato
754 1354 841 1420 Atho
861 1364 987 1439 monte,
1010 1379 1071 1422 neo

71 1440 240 1524 quicquam
253 1439 342 1503 aliud
355 1443 422 1524 egit
435 1462 531 1526 quam
546 1448 582 1504 ut
594 1440 738 1504 Athenas
754 1439 949 1503 incenderet.
984 1441 1072 1505 Mari
1080 1462 1100 1502 u

69 1522 174 1586 vietus
203 1544 223 1585 a
250 1523 516 1589 Lacedaemoniis
549 1534 580 1587 et
607 1520 859 1588 Atheniensibus
890 1523 926 1585 in
951 1524 1070 1588 Asiam
1164 1556 1166 1590 ι

70 1605 165 1670 rediit
187 1607 296 1693 ibique
315 1630 445 1672 suorum
466 1606 581 1671 fraude
603 1607 791 1671 interfectus
813 1615 870 1670 est.

153 1722 268 1787 XIIII.
311 1721 460 1788 DVCES
492 1722 552 1787 ET
581 1724 727 1790 REGES
754 1722 1013 1823 Leonnaia--

441 1820 692 1887 MONIORVM.

46 1954 58 2003 1
153 1936 374 2037 Emysthenes
407 1946 439 2001 et
468 1937 600 2001 Procles
632 1940 768 2023 gemini,
803 1939 858 2026 qui
888 1961 995 2024 genus
1026 1940 1097 2007 aaa
1161 1968 1177 2004 a

44 2020 252 2086 2Heraclid1s
268 2022 461 2086 deducentes
481 2023 576 2108 primi
595 2020 728 2108 Spartae
744 2032 973 2107 regnavenmt.
1003 2024 1068 2112 Ly·

71 2127 187 2189 curgus
214 2105 322 2190 legum
348 2105 444 2186 lator,
483 2106 597 2192 quibus
627 2106 877 2171 Lacedaemonii
903 2108 1068 2195 principer

48 2189 229 2254 tGracoiae
249 2211 307 2274 per
322 2210 423 2254 annos
440 2191 658 2275 septingentos
674 2191 772 2253 innisi
789 2190 930 2255 fuerumt.
963 2190 1068 2258 Theo·

69 2293 204 2366 pompus
233 2283 265 2336 et
291 2273 471 2358 Polydorus
499 2295 609 2356 reges,
642 2275 698 2360 qui
722 2274 919 2337 Messenium
944 2272 1069 2341 bellum

45 2357 188 2437 eviginti
209 2357 302 2418 annis
323 2364 503 2440 gesserunt.
554 2357 737 2442 Othryades
759 2358 810 2421 vir
829 2356 984 2440 bellator,
1013 2359 1098 2445 quia
1169 2392 1171 2397 ·

71 2437 233 2502 Messenio
253 2438 354 2519 bello,
382 2462 444 2524 quo
466 2441 594 2502 centeni
614 2448 646 2502 et
667 2442 886 2586 quinquaglqni
905 2452 1070 2507 concerta·
1100 2514 1105 2525 ⁸

46 2528 202 2601 everunt,
217 2529 384 2605 tropaeum
402 2543 458 2585 suo
475 2523 631 2604 sanguine
647 2523 785 2607 scripsit.
901 2546 994 2606 aeus,
1013 2526 1070 2611 qui

71 2603 232 2668 Messenio
253 2602 339 2667 bello
359 2626 401 2667 ex
419 2604 547 2668 oraculo
564 2604 726 2690 Apollinis
748 2605 816 2669 dux
832 2629 851 2670 a
891 2607 1069 2672 Athenien·

72 2685 160 2751 sibus
186 2710 244 2773 per
268 2686 443 2751 ludibrium
463 2689 579 2751 missus
600 2697 745 2773 poemate
773 2712 829 2754 suo
856 2692 902 2755 ita
928 2691 1071 2757 militum

72 2773 194 2835 animos
209 2772 394 2852 concitavit,
417 2780 537 2835 uttam
554 2771 739 2835 diuturnum
757 2775 915 2858 proelium
929 2775 1100 2840 victoriae
1171 2798 1176 2829 ι

47 2862 341 2919 tconsummarent.
373 2854 550 2936 Leonidas,
573 2855 641 2919 dux
651 2855 782 2920 Persico
799 2855 902 2940 bello,
925 2859 1072 2944 quicum

71 2940 220 3003 trecentis
240 2938 502 3003 Lacedaemoniis
523 2938 609 3023 apud
626 2938 858 3026 Thermopylas
879 2950 980 3006 totam
1001 2944 1072 3007 vim

48 3021 196 3085 7Persiei
221 3021 422 3086 bellimonte
452 3043 511 3084 sua
535 3044 573 3085 ac
593 3044 723 3086 suorum
744 3025 904 3088 sustinuit.
947 3024 1072 3091 Pausa-

72 3105 157 3185 nias,
181 3107 236 3191 qui
252 3105 382 3171 Persico
403 3105 489 3169 bello
500 3104 705 3170 Mardonium
725 3107 923 3191 praefectum
943 3107 1071 3173 Xerxis

72 3208 142 3248 cum
188 3189 367 3252 edestribus
390 3190 489 3274 copiis
511 3193 588 3274 aput
607 3191 754 3274 Asopum
773 3190 926 3255 Boeotiae
945 3190 1112 3263 flumana·

55 3268 254 3355 debelavit5
278 3295 360 3339 mox
380 3273 576 3362 proditionis
601 3294 622 3336 a
639 3295 721 3357 rege
744 3283 911 3356 suspectus
928 3275 1069 3358 ideoque

36 3361 236 3440 aecusatus,
271 3359 310 3425 in
341 3361 483 3449 asylum
498 3358 677 3425 Mineruae
702 3356 852 3436 coniugis
876 3353 980 3414 este.
997 3353 1090 3417 tame
