2356 3818
138 194 179 257 ²6
497 209 776 262 suommmous.
828 220 831 227 ⁴
884 236 888 241 -

97 377 131 429 tt
222 354 330 446 Appio
348 359 485 426 Olaudio
502 361 633 427 consule
649 385 715 427 non
733 362 774 427 ab
793 362 950 446 hostibus,
969 364 1029 428 sed
1048 387 1069 430 a
1089 367 1128 431 dt

138 445 217 530 ipsis
230 453 400 529 superatus
418 454 482 526 est,
505 467 640 530 quorum
656 447 802 531 auspicia
816 455 1072 532 contempserat,
1096 450 1128 514 al

138 528 189 591 his
202 528 310 591 statim
321 528 424 598 classe
436 528 591 608 demersa,
603 528 659 592 ubi
670 527 725 592 ille
736 528 943 615 praecipitari
953 530 1063 613 pullos
1074 535 1128 597 ius·

139 620 233 692 serat,
267 611 487 695 ucd'pugnare
499 610 541 673 ab
552 611 592 674 iis
603 620 794 676 veteretum·
928 682 931 691 ,

67 698 128 762 :³0
256 716 331 759 arco
363 694 466 758 Fabio
498 695 645 759 Buteone
678 695 811 760 consule
844 695 982 760 classem
1006 698 1077 763 iam
1103 702 1128 764 ir

136 779 249 844 Africo
262 780 344 842 mari
355 787 432 876 aput
442 778 654 862 Aegimurum
666 781 783 844 ostium
798 781 833 842 in
844 779 973 843 Italiam
982 781 1070 847 ultro
1078 806 1128 847 na

94 883 126 936 31
137 864 301 947 vigentem
313 861 438 925 cccudit.
463 871 664 949 quantusque
673 872 742 927 tum
752 863 931 947 triumphus
942 872 1128 963 tempestate

136 945 308 1026 intercidit,
339 966 413 1015 cum
441 944 592 1029 opulenta
611 947 733 1030 praeda
755 946 869 1010 classis
891 948 1040 1012 adversrs
1064 960 1128 1013 acta

24 1076 29 1091 .
135 1031 242 1094 ventis
254 1027 424 1111 naufragio
438 1050 496 1092 suo
507 1029 653 1092 Africam
669 1040 701 1093 et
712 1029 817 1116 Syrtis
834 1039 866 1093 ct
882 1032 1024 1094 omnium
1036 1034 1128 1096 inter·

94 1124 127 1176 32
136 1112 308 1177 iacentium
324 1110 502 1176 insularum
519 1111 615 1178 litora
629 1115 674 1177 im
697 1112 791 1177 levit!
809 1112 1057 1198 magnaclades,
1075 1117 1128 1180 sed

54 1240 57 1245 .
135 1218 201 1260 non
219 1195 287 1258 sine
303 1192 412 1292 aliqua
428 1196 583 1281 principis
598 1218 661 1282 pop
696 1198 709 1258 i
726 1196 892 1280 dignitate,
920 1199 1128 1297 interceptam

23 1302 26 1307 ¹
135 1285 325 1362 tempestate
336 1280 506 1342 victoriam
517 1287 549 1342 et
559 1279 755 1364 triumphum
764 1281 889 1365 perisse
900 1280 1084 1365 naufragm.
1103 1295 1128 1346 et

134 1371 243 1424 tamen
254 1381 327 1422 cum
337 1359 479 1425 Punicae
490 1363 629 1446 praedae
642 1363 789 1427 omnibus
800 1365 1032 1448 promunturiis
1043 1366 1128 1430 insu·

135 1444 239 1530 lisque
250 1442 421 1526 fluitarent,
456 1445 570 1530 opulus
582 1446 746 1511 Romanus
758 1456 790 1510 et
802 1449 848 1511 sic
859 1448 1081 1532 triumphavit.

93 1540 127 1592 33
218 1527 347 1591 Lutatio
361 1467 477 1594 (labdo
494 1530 625 1595 consule
641 1530 772 1595 tandem
787 1530 873 1595 bello
884 1532 957 1595 finis
968 1533 1128 1615 inpositus

135 1618 213 1696 aput
224 1610 492 1698 insulasquibus
509 1636 626 1678 nomen
636 1615 792 1698 Aegatae,
811 1637 871 1678 nec
888 1617 990 1681 maior
1002 1614 1086 1679 alias
1098 1619 1128 1680 in

92 1696 345 1842 temaripuugna.
373 1696 485 1794 aderat
496 1698 614 1794 quippe
625 1697 864 1779 commeatibus,
883 1699 1036 1779 exercitu,
1058 1722 1128 1813 prc-

134 1799 260 1862 pugnac
295 1801 333 1858 1s,
352 1800 449 1842 armrs
460 1799 570 1860 graus
584 1779 697 1842 classis
717 1790 748 1843 et
765 1781 800 1840 in
818 1801 856 1843 ea
868 1783 960 1865 quasi
972 1790 1041 1844 tota
1054 1787 1128 1848 bar-

91 1866 125 1918 35
135 1861 249 1946 thag03
262 1861 349 1948 quod
358 1863 464 1946 ipsum
476 1861 575 1944 exitio
587 1861 658 1923 luit.
685 1862 831 1930 Romana
843 1862 957 1924 classis
969 1877 1128 1949 prompta,

134 1944 226 2027 levis,
239 1944 391 2028 expedita
409 1952 441 2006 et
458 1942 597 2027 quodam
607 1964 726 2026 genere
741 1945 914 2006 castrensis
926 1944 968 2007 ad
980 1948 1128 2013 similitu·

134 2029 243 2092 dinem
258 2044 386 2114 pugnae
404 2047 421 2089 e
444 2026 561 2088 uestris
578 2027 625 2088 sic
643 2027 740 2089 remis
757 2027 849 2110 quasi
862 2025 997 2089 habenis
1010 2032 1128 2111 ageba-

134 2120 195 2194 tur,
208 2120 239 2176 ct
249 2113 283 2174 in
294 2110 352 2175 hos
363 2049 501 2172 velillos
513 2108 596 2171 ictus
607 2107 739 2172 mobilia
748 2116 853 2173 rostra
865 2111 1004 2194 speciem
1015 2115 1128 2180 viven-

93 2209 126 2262 36
135 2196 216 2258 tium
229 2192 469 2278 praeferebant
494 2192 604 2277 itaque
621 2199 781 2258 momento
797 2194 950 2280 temporis
967 2193 1128 2264 laceratae

134 2278 273 2343 hostiutn
288 2283 373 2338 rates
389 2282 492 2340 totum
513 2276 597 2341 inter
613 2275 757 2341 Siciliam
774 2275 1017 2363 Sardiniamque
1041 2281 1128 2364 pela-

85 2381 194 2446 37gus
214 2357 330 2422 naufra
355 2359 384 2423 'c
407 2381 465 2424 suo
487 2370 690 2446 operuerunt.
721 2370 812 2425 tanta
830 2362 968 2447 denique
990 2362 1053 2426 suit
1070 2365 1128 2428 illa

93 2461 99 2468 ·
132 2442 324 2521 victoriam
358 2443 599 2507 eexcindendis
617 2444 758 2508 hostium
773 2445 942 2508 moenibus
954 2466 1019 2508 non
1030 2469 1128 2531 quae

116 2591 118 2595 ,
131 2532 265 2589 reretur.
290 2545 524 2609 supervacuum
534 2527 642 2591 visum
653 2528 747 2590 estin
757 2549 864 2591 arcem
874 2550 1046 2615 murosque
1059 2551 1129 2594 sae·

131 2609 212 2689 vire,
224 2626 297 2671 cum
308 2608 417 2674 iamin
428 2610 510 2677 mari
522 2618 609 2673 esset
623 2608 729 2673 deleta
742 2609 918 2694 Carthagor

282 2748 289 2765 a
315 2730 459 2832 xum.
479 2739 663 2805 nuunvu
679 2739 942 2807 utsvurcuu.

64 2879 100 2944 11,
112 2865 131 2927 3
214 2856 349 2924 Peracto
360 2859 481 2926 Punico
493 2859 578 2924 bello
591 2869 701 2924 secuta
712 2869 761 2924 est
771 2860 879 2925 brevis
892 2883 970 2925 sane
980 2865 1074 2948 quasi
1084 2865 1128 2930 ad

22 2998 24 3004 .
88 2975 93 2985 ι
131 2942 385 3029 recuperandum
402 2945 549 3028 spiritum
570 2946 719 3030 requies,
733 2955 1017 3031 argumentumque
1034 2951 1128 3031 pacis

87 3080 102 3103 ,
131 3036 163 3090 et
174 3027 260 3092 bona
271 3025 339 3090 fide
356 3028 549 3091 cessantium
568 3048 729 3091 armorum
741 3035 810 3095 tum
822 3030 960 3113 primum
973 3040 1050 3127 pust
1062 3031 1128 3095 Nu-

133 3132 219 3181 mam
228 3111 337 3176 clausa
350 3119 443 3194 porta
453 3109 525 3173 Iani
536 3109 610 3193 fuit3
623 3111 774 3195 deinceps
788 3113 894 3174 statim
905 3134 943 3174 ac
954 3135 1023 3176 sme
1035 3136 1128 3178 mura

107 3197 242 3280 2patuit.
265 3195 381 3280 quippe
392 3194 457 3256 iam
466 3192 613 3276 Ligures,
633 3194 698 3256 iam
708 3194 860 3258 Insubres
874 3196 969 3276 Galli,
987 3218 1128 3262 necnon

132 3286 164 3342 et
174 3277 299 3362 Illyrici
309 3274 520 3357 lacessebant,
538 3276 618 3340 sitae
630 3277 690 3340 sub
705 3277 852 3363 Alpibus,
864 3279 900 3342 id
911 3287 959 3342 est
972 3279 1031 3343 sub
1043 3282 1055 3342 i
1079 3282 1124 3345 sis

131 3360 245 3425 Italiae
262 3358 550 3444 faucibusssgentes,
575 3358 636 3424 dec
654 3362 792 3446 quodam
808 3363 961 3425 incitante
978 3303 1125 3446 adsidue,

56 3468 57 3472 ¹
105 3460 171 3512 sne
186 3443 369 3529 rubiginem
385 3464 423 3507 ac
440 3445 539 3508 situm
549 3442 675 3510 scilicet
686 3466 775 3511 arma
790 3445 956 3511 sentirent.
985 3445 1125 3532 denique
