2356 3818
161 210 201 273 20
529 222 623 271 uvou
642 223 787 273 surum

161 398 274 466 xxu.
318 360 397 484 ovi
417 402 674 470 ruovocrrr
700 403 759 467 AB
779 402 1013 491 nosrmvs
1032 394 1145 471 mut

426 578 429 585 ,
465 500 840 568 cormanacum.
1096 504 1100 511 ·

138 629 151 679 1
245 617 385 681 Manlius
407 618 602 706 Torquatus,
633 623 688 707 qui
714 620 808 685 Gallo
836 630 989 706 torquem
1018 623 1147 687 detraxit
1177 663 1178 692 t

135 718 295 786 aeumque
324 701 387 765 sibi
412 704 631 768 circumdedit.
674 703 824 767 Valerius
846 702 1029 787 Corvinus,
1066 710 1146 794 quia

160 783 256 849 Gallo
282 795 474 871 provocatus
496 809 569 851 cum
586 796 760 935 pugnaret,
790 808 906 851 corvus
928 787 1066 932 paleam
1090 793 1161 855 eiust

135 868 279 933 3insedit
297 877 328 931 et
340 868 463 932 hostem
500 880 586 935 ertur
609 872 686 935 avit.
720 868 827 956 Scipio
840 870 934 935 Aemi
948 871 1067 956 ianus,
1090 895 1149 938 cum

159 960 244 1014 esset
259 951 384 1035 legatus
398 952 458 1016 sub
470 893 607 1018 lducullo
627 956 827 1040 imperatore,
849 975 869 1016 a
890 953 935 1016 ud
946 953 1149 1021 Intercatiam

158 1033 376 1099 Vaccaeorum
408 1036 534 1117 urbem·
570 1047 790 1102 revocatorem
820 1037 878 1101 bar
902 1058 998 1101 arum
1030 1040 1146 1105 occidit.

133 1116 277 1183 rLucius
299 1117 445 1204 Opimius
474 1120 534 1184 sub
584 1122 685 1184 utatio
708 1120 822 1185 Catulo
849 1120 985 1185 consule
1014 1123 1053 1187 in
1079 1123 1148 1187 salu

158 1199 346 1283 Tridentino
367 1213 611 1288 provocatorem
634 1202 798 1268 Cimbrum
819 1203 994 1269 interfecit.

158 1354 289 1419 mma
329 1355 437 1437 mu
452 1332 540 1422 rao
555 1354 754 1422 nomme
772 1354 949 1421 curras
967 1355 1147 1447 suram

553 1452 745 1520 VERVN'I'.
852 1472 855 1477 ·

241 1570 293 1635 Sci
315 1573 346 1637 io
360 1572 549 1654 Africanus,
568 1571 674 1657 Scipio
686 1571 901 1634 Numantinus
906 1618 916 1653 ,
936 1568 1053 1659 Scipio
1066 1574 1146 1641 Asia·

155 1656 254 1735 ticus,
277 1594 449 1720 Nlummius
463 1656 640 1737 Achaicus,
661 1655 817 1719 Servilius
829 1654 1014 1738 Isauricus,
1036 1658 1144 1722 Brutus

156 1737 328 1820 Callaicus,
344 1738 465 1804 Paulus
477 1739 714 1819 Macedonicus,
727 1737 876 1803 Metellus
890 1736 1056 1824 Creticus,
1078 1740 1153 1807 osc

155 1843 209 1886 sar
230 1821 456 1904 Germanicus,
481 1822 601 1887 Caesar
620 1822 773 1885 Dacicus.

156 1966 304 2032 XXIIII.
360 1968 480 2050 QVOT
511 1967 754 2034 ELVSTRES
787 1966 1040 2055 SCIPIONES,
1077 1968 1140 2053 Qlll

155 2065 326 2133 MAGNIS
348 2065 492 2132 REBVS
512 2064 668 2132 GESTIS
691 2065 1010 2133 OOGNOMINATI
1027 2067 1138 2135 SVNT.
1177 2096 1178 2121 t

239 2187 347 2276 Scipio
375 2211 510 2275 magnus
536 2189 726 2270 Africanus,
755 2189 811 2274 qui
837 2188 916 2253 vicit
942 2188 1136 2255 Annibalem.
1177 2182 1178 2203 ¹

155 2272 262 2360 Scipio
281 2275 386 2338 minor
406 2274 637 2355 Numantinus,
658 2273 713 2360 qui
734 2271 941 2345 Numantiam
963 2282 997 2337 et
1019 2272 1136 2340 Cartha·

154 2359 262 2443 ginem
276 2357 383 2422 diruit.
417 2356 470 2422 Soi
494 2359 524 2422 io
538 2357 711 2437 Asiaticus,
733 2356 789 2442 qui
808 2355 848 2419 de
860 2355 1025 2421 Antiocho
1044 2359 1136 2422 trium·

153 2441 282 2539 phavit..
320 2440 373 2507 Sci
396 2443 427 2506 io
448 2381 582 2525 Ninica,
612 2441 667 2527 qui
689 2461 709 2502 a
727 2448 841 2503 senatu
860 2440 912 2503 vir
939 2442 1083 2525 optimus
1102 2448 1137 2503 est

153 2524 323 2588 rudicatus.
368 2464 476 2611 Scipio
497 2524 559 2605 **,
585 2526 640 2609 qui
662 2525 768 2588 occiso
788 2521 942 2608 Pompeio
963 2535 1078 2609 partes
1102 2544 1136 2587 re

154 2607 257 2669 stituit
277 2616 309 2670 et
329 2608 435 2672 victus
457 2628 492 2671 se
513 2607 685 2671 interfecit.

353 2736 463 2804 XXV.
506 2740 771 2803 NECESSIONES
789 2739 945 2801 PLEBIS.

131 2875 144 2924 1
238 2855 442 2922 Secessioncs
473 2854 577 2942 plebis
612 2877 631 2918 a
658 2855 803 2940 patribus
828 2853 957 2917 fuerunt
987 2862 1135 2941 quattuor.

153 2938 262 3005 Prima
283 2941 421 3005 secessio
435 2949 566 3025 propter
585 2941 804 3024 impotentiam
818 2937 1056 3020 feneratorum,
1078 2956 1135 3001 cuu

127 3026 188 3092 ain
213 3046 332 3090 sacrum
357 3033 497 3088 montem
523 3022 615 3109 plebs
648 3031 769 3086 armata
799 3020 941 3091 secessit.
998 3019 1135 3086 Secunda
1173 3102 1174 3107 ἵ

152 3131 210 3195 pro
234 3120 283 3174 ter
304 3108 524 3194 impotentiam
543 3107 758 3171 decemvirum
764 3154 773 3189 ,
797 3127 869 3169 cum
889 3102 1065 3169 interfecta
1083 3104 1135 3169 lilia

154 3214 212 3256 sua
255 3194 392 3275 irginius
404 3192 546 3279 Appium
560 3200 591 3253 et
603 3199 705 3254 totam'
721 3191 789 3253 eius
802 3189 976 3252 factionem
988 3186 1025 3250 in
1036 3186 1152 3252 Averr

152 3277 221 3338 tino
241 3286 349 3340 monte
370 3275 578 3340 circumvenit
599 3275 783 3360 effecitque,
810 3281 847 3335 ut
866 3270 1017 3337 abdicato
1046 3270 1134 3355 magi·

144 3367 249 3423 stratu
277 3360 422 3426 accusati
449 3368 546 3449 atque
570 3357 713 3424 damnati
736 3356 836 3420 variis
864 3355 1034 3453 suppliciis
1056 3354 1135 3452 puni

101 3451 259 3509 arentur.
310 3445 427 3514 Tertia
443 3469 505 3536 pro
529 3454 579 3513 ter
599 3440 818 3517 matrimonia,
834 3438 946 3521 pidum
957 3440 1137 3519 turpantes

112 3524 307 3617 nuberent,
351 3558 461 3626 quam
525 3530 681 3600 anuleius
714 3517 960 3589 condumum
982 3516 1158 3577 montem
