2356 3818
92 179 112 255 2
457 203 552 253 avon
570 203 716 253 suram

92 368 125 423 et
140 357 340 422 Alexandria
359 357 449 424 milia
469 376 621 442 passuum
642 376 769 421 novem.
813 355 864 422 Ob
887 377 964 423 eam
983 382 1050 426 rem

91 441 171 506 Iove
195 441 289 526 petiit
316 449 353 504 ut
380 442 465 505 inter
492 439 600 507 sidera
626 441 833 526 reciperetur.
877 441 949 506 Alii
979 455 1066 530 putar

67 542 165 590 neum
183 547 268 606 esse,
291 526 346 612 qui
363 525 482 589 Hellen
498 531 530 586 et
546 521 704 587 Phrixum
722 526 859 588 vexerit.
893 525 1066 593 Taurusbr

89 609 204 672 neficio
221 608 325 689 lovis,
342 631 436 694 quem
454 607 599 693 Iuppiter
616 628 636 668 a
650 606 802 693 Neptuno
822 607 923 673 fratre
944 633 1006 696 per
1021 634 1066 698 gra

54 758 57 763 ,
89 695 167 756 tiam
188 691 339 774 abduxit,
362 693 418 838 ‹pui
436 713 565 759 sensum
588 689 800 755 humanumfi
862 695 995 759 atauri
1019 717 1066 760 cor

89 776 226 857 tinebat,
256 777 282 838 is
306 799 346 840 ue
393 776 463 839 ovis
490 775 582 839 iussu
608 774 774 861 Europam
830 779 966 860 genoris
993 779 1066 843 filias

90 860 254 925 Sidoniam
274 881 294 922 a
328 859 431 924 udens
453 858 581 944 decepit
601 867 635 922 et
651 880 721 922 eam
742 857 872 924 Cretam
896 861 1066 947 deportari

90 944 141 1009 Ob
171 965 242 1008 eam
261 965 330 1008 rem
351 942 495 1042 Iuppiter
515 943 551 1006 in
581 941 741 1007 sideribus
764 964 837 1006 eum
861 943 894 1007 di
943 956 1018 1010 atus
1044 968 1066 1011 or

67 1026 265 1093 aimmortali
284 1047 449 1091 memoria.
483 1025 629 1108 Gemini,
652 1027 708 1112 qui
729 1031 774 1090 dit
791 966 1021 1094 Samothiaces
1037 1051 1066 1095 n<

90 1113 252 1175 minantur
268 1131 354 1192 esse,
378 1132 513 1197 quorum
530 1118 754 1208 argumentum
770 1110 863 1174 nefas
882 1120 932 1176 est
950 1136 1066 1199 pronun

90 1197 171 1259 tiare
213 1200 319 1257 raeter
341 1215 411 1276 eos,
433 1195 489 1281 qui
509 1195 610 1257 initris
631 1202 794 1279 praesunt.
837 1193 906 1259 Alii
921 1195 1066 1263 Castorei

91 1287 122 1342 et
143 1217 308 1341 Poiiucem
336 1277 460 1367 dicunt,
489 1276 576 1365 quod
597 1277 622 1340 ii
646 1279 808 1364 principes
833 1300 921 1343 mare
945 1290 1052 1347 tutum

89 1360 306 1446 praedonibus
328 1363 574 1446 praestitissent.
614 1359 696 1425 Sunt
716 1363 772 1449 qui
795 1361 1066 1435 dicantHerculer

66 1452 125 1509 set
144 1444 318 1527 Theseum,
346 1447 433 1533 quod
454 1445 571 1510 similia
594 1444 681 1509 athla
701 1447 765 1509 sint
791 1446 909 1532 adepti.
959 1448 1066 1515 Cauca

90 1532 263 1610 καρκίνος,
281 1539 429 1616 receptus
449 1528 606 1594 beneficio
619 1528 768 1611 Iunonis,
786 1530 879 1676 guod
901 1532 975 1596 eius
991 1535 1066 1599 iussi

90 1636 163 1678 cum
173 1614 332 1678 Hercules
350 1614 467 1679 missus
483 1622 568 1678 esset
584 1613 627 1678 ad
638 1612 777 1700 hydram
817 1635 981 1699 amaeam,
998 1639 1066 1704 quar

90 1721 148 1762 nos
167 1705 330 1776 excetram
346 1697 490 1780 dicimus,
512 1696 776 1779 interficiendam,
801 1699 952 1762 carcinus
970 1702 1066 1786 ingre

91 1804 145 1845 sus
165 1780 318 1844 Herculis
346 1782 445 1867 pedes
473 1791 506 1847 et
533 1802 637 1858 crura,
652 1779 778 1846 lanians
805 1783 1066 1850 incommodiore

90 1863 232 1928 faciebat
253 1887 340 1946 eum,
368 1886 464 1950 quam
487 1867 498 1928 i
522 1887 558 1928 sa
579 1873 724 1931 excetra:
746 1865 844 1951 idque
865 1865 990 1931 malum
1011 1862 1066 1933 He:

91 1947 178 2013 cules
203 1947 429 2011 difficillimum
444 1888 577 2031 habuit,
601 1951 829 2034 carcinumque
853 1949 894 2014 ob
911 1951 949 2015 id
973 1953 1066 2019 factm

67 2032 173 2096 clune
194 2030 354 2095 sideribus
375 2039 424 2095 est
441 2031 583 2117 dignata.
626 2032 708 2114 Leo,
734 2033 836 2116 λέων,
863 2034 918 2132 qui
937 2036 1066 2101 educati

91 2124 141 2181 est
169 2112 325 2197 Nemeae,
356 2115 490 2180 Iunonis
522 2117 656 2182 oonsilio
684 2116 727 2182 ad
748 2116 899 2181 Horcuhs
926 2119 1066 2185 interitu

90 2201 206 2265 missus
228 2201 397 2265 interram
414 2200 550 2285 Argiam
568 2201 624 2266 diu
647 2201 801 2288 spelunca
822 2201 975 2286 latitavit,
1001 2227 1066 2291 que:

90 2283 248 2348 Hercules
261 2284 378 2348 dicitur
393 2284 596 2350 interfecisse
615 2307 688 2350 oum
698 2283 866 2350 Molorcho
883 2283 1016 2373 hospite
1027 2311 1066 2353 su

91 2369 182 2432 cuius
209 2367 336 2431 clavam
363 2371 393 2432 ei
418 2368 572 2433 tributam
594 2378 662 2434 tum
682 2371 841 2456 principio
864 2376 913 2432 est
944 2371 1066 2458 adeptu

91 2472 155 2536 qua
176 2450 302 2514 leonem
323 2451 500 2534 interfecit,
534 2454 666 2538 eiusque
686 2453 804 2599 pellem
828 2461 942 2552 postea
963 2477 1025 2541 pro
1049 2465 1066 2521 t«

91 2542 243 2616 gumento
262 2533 384 2599 habuit.
429 2534 480 2599 Ob
498 2536 533 2599 id
551 2536 672 2600 factum
710 2538 810 2599 unoni
834 2537 907 2601 odio
931 2559 1006 2603 esse
1024 2561 1066 2605 co

66 2616 153 2701 opit,
178 2615 368 2703 leonemque
386 2618 517 2683 caelesti
534 2619 692 2704 dignitate
710 2628 758 2683 est
775 2620 942 2685 honorata.
979 2623 1043 2689 Vir
1063 2654 1066 2679 ι

91 2720 187 2784 quam
203 2721 263 2763 nos
275 2699 435 2765 Iustitiam
454 2701 606 2784 dicimus,
629 2703 692 2767 fuit
705 2724 778 2767 cum
796 2703 993 2772 hominibus.

89 2792 260 2884 postquam
280 2783 425 2848 homines
447 2784 532 2849 male
554 2785 662 2851 facere
685 2797 871 2873 coeperunt,
901 2787 995 2854 Iovis
1022 2813 1066 2856 ear

89 2877 174 2932 mter
202 2869 297 2952 signa
320 2869 437 2953 posuit.
484 2867 566 2934 Sunt
597 2872 653 2957 qui
674 2870 852 2955 Erigonam
877 2871 966 2938 Icari
993 2874 1066 2939 filia]

89 2951 323 3017 Atheniensem
355 2952 482 3034 dicunt,
518 2955 608 3019 cuius
643 2956 726 3040 patri
757 2955 857 3019 Liber
890 2957 1006 3027 vinum
1040 2959 1066 3024 ds

90 3037 152 3117 dit,
177 3045 216 3101 ut
235 3035 418 3101 hominibus
440 3037 483 3101 ad
504 3040 696 3103 suavitatem
719 3039 827 3104 daret:
851 3040 969 3126 quibus
992 3042 1066 3108 dedi

91 3119 207 3184 ebriati
230 3129 304 3185 sunt
329 3130 361 3185 et
381 3119 414 3183 la
436 3118 545 3186 idibus
567 3144 640 3186 eum
660 3123 868 3187 occiderunt.
903 3123 1015 3209 Canis,
1038 3146 1066 3213 qr

91 3225 164 3266 cum
183 3203 240 3268 illo
263 3214 340 3286 erat,
363 3205 397 3269 vi
432 3213 445 3270 t
467 3205 631 3270 dominum
652 3209 801 3287 occisum,
824 3216 944 3271 etcum
963 3209 1066 3274 ululat

91 3285 134 3349 ad
150 3287 328 3372 Erigonam
350 3289 462 3370 rediit,
485 3311 580 3375 quem
601 3300 638 3355 ut
658 3299 815 3356 maestum
839 3300 870 3354 et
894 3293 944 3355 sin
992 3293 1066 3358 lares

91 3368 174 3434 vidit
179 3417 194 3451 ,‚
211 3372 349 3436 sollicita
365 3372 581 3458 proficiscitur
598 3397 670 3439 cum
687 3397 736 3440 eo.
771 3374 899 3440 Venere
916 3396 936 3438 a
974 3377 1066 3442 locun

91 3448 149 3517 ubi
170 3451 293 3521 Icarius
322 3455 458 3522 iacebat.
502 3456 594 3523 Vidit
615 3481 731 3546 corpus
749 3461 868 3545 patris3
899 3481 1020 3545 magna
1045 3460 1066 3524 la
