2356 3818
109 646 138 712 Ι.
161 647 194 711 Α
209 647 394 714 ROMVLO
412 645 626 715 TEMPORA
643 645 802 713 REGVM
819 645 1005 717 SEPTEM.

143 814 286 900 Populus
299 814 462 879 Romanus
480 836 500 879 a
516 835 594 899 rege
604 813 742 880 Romulo
759 814 794 878 in
806 812 978 880 Caesarem
987 818 1055 882 Au·

105 906 191 962 stum
219 899 439 984 septingentos
466 920 525 984 per
546 919 648 962 annos
675 907 801 962 tantum
822 920 953 998 operum
974 923 1055 987 paee

56 921 209 1068 lgrdlloquc
226 983 341 1128 qcssit
359 992 410 1064 ut,
431 984 460 1046 si
479 984 550 1068 quis
567 982 822 1066 magnitudinem
836 984 963 1069 imperii
981 1007 1055 1048 cum

36 1066 156 1138 sannis
167 1087 227 1130 con
244 1075 327 1148 erat,
345 1075 482 1130 aetatem
498 1066 584 1130 ultra
599 1072 700 1151 putet.
728 1067 774 1128 ita
789 1065 855 1130 late
893 1066 1080 1148 er'orbem2

56 1160 218 1214 terrarum
238 1170 328 1212 arma
345 1149 607 1231 circumtulit,-ut
624 1149 680 1235 qui
696 1170 748 1212 res
765 1148 853 1213 illius
865 1088 976 1235 idgunt
986 1174 1053 1216 non

56 1233 154 1297 unius
188 1232 284 1318 epuli,
297 1234 355 1298 sed
366 1235 493 1318 generis
506 1233 638 1297 humani
649 1231 736 1299 facta
747 1232 944 1298 condiscant.
964 1237 1055 1300 totin

57 1254 225 1381 leberidas
237 1317 453 1416 periculisque
465 1318 601 1380 iactatus
614 1324 680 1397 est,
696 1324 733 1379 ut
743 1315 785 1379 ad
796 1318 1054 1384 constituendum

58 1401 130 1464 eius
140 1400 310 1484 imperium
327 1399 530 1464 contendisse
541 1400 653 1464 Virtus
665 1408 697 1462 et
708 1398 854 1462 Fortuna
869 1401 1051 1467 videantur.
1123 1478 1125 1485 y

22 1509 49 1549 ro
58 1505 124 1569 qua
133 1503 169 1545 re
180 1504 261 1566 cum,
273 1485 301 1547 si
312 1484 390 1571 quid
400 1483 499 1563 aliud,
514 1482 575 1547 hoc
591 1503 717 1629 quoque
726 1502 842 1629 oqerae
856 1486 994 1568 pretium
1004 1486 1072 1549 sit3

57 1588 270 1651 cognoscere,
297 1576 405 1630 tamen
433 1567 509 1652 quia
534 1566 606 1652 ipsa
637 1567 665 1628 si
689 1565 702 1628 i
729 1585 748 1629 0
773 1573 836 1629 stat
861 1568 1052 1651 magnitudo

56 1672 229 1736 rerumque
241 1651 412 1716 diversitas
426 1652 529 1714 aciem
539 1649 727 1714 intentionis
741 1647 918 1796 abrumqst,
936 1651 1055 1714 faciam

56 1734 146 1820 quod
155 1734 273 1817 solent,
291 1736 347 1821 qui
362 1744 521 1800 terrarum
538 1734 618 1799 situs
635 1733 789 1817 pingrmt:
811 1732 848 1795 in
881 1736 951 1798 revi
982 1736 1055 1799 uasi

54 1817 178 1882 tabella
195 1825 296 1882 totam
320 1819 388 1883 eius
413 1819 586 1903 imaginem
609 1816 800 1902 amplectar,
818 1837 885 1881 non
901 1757 997 1900 nihil,
1018 1827 1055 1883 ut

23 1930 48 1970 rs
59 1923 170 1987 spero,
188 1902 230 1966 ad
247 1903 490 1967 admirationem
505 1902 661 1987 principis
679 1900 790 1986 populi
808 1900 1009 1983 conlaturus,
1026 1903 1056 1966 si

54 1986 178 2133 paritedr
206 1985 312 2073 adque
339 1985 474 2079 insemel
500 1987 686 2050 universam
707 1984 962 2069 magnitudinem
983 1986 1051 2050 eius

56 2078 239 2135 ostonem.

142 2151 177 2217 Si
190 2153 261 2238 quis
277 2174 354 2237 ergo
371 2152 523 2238 populum
534 2153 714 2216 Romanum
731 2152 822 2236 quasi
836 2172 935 2213 unum
952 2150 1080 2222 homi-4
1123 2188 1125 2192 ·

55 2258 132 2301 nem
151 2236 340 2303 consideret?
353 2244 516 2321 totamque
538 2235 606 2298 eius
628 2241 766 2298 aetatem
789 2242 993 2319 percenseat,
1016 2243 1053 2298 ut

22 2321 203 2405 acceperit
213 2328 312 2405 utque
330 2318 517 2399 adoleverit,
528 2327 563 2382 ut
575 2319 668 2404 quasi
678 2316 721 2381 ad
732 2317 891 2402 quandam
901 2319 1052 2383 iuventae
1118 2376 1121 2381 4

56 2405 186 2487 frugem
199 2404 391 2489 pervenerit,
400 2412 436 2467 ut
446 2411 557 2488 postea
570 2402 659 2467 velut
669 2401 881 2482 consenuerit,
901 2410 1052 2488 quattuor

55 2486 212 2572 gradibus
227 2487 348 2551 Romae
359 2496 448 2551 aetas
459 2492 596 2551 distincta
607 2491 762 2550 videbitne·
778 2493 974 2564 promouetur
988 2485 1048 2551 sub
1062 2508 1079 2559 5

55 2569 189 2654 regibus
202 2570 264 2634 fuit
273 2592 373 2669 prope
389 2592 448 2657 per
464 2592 564 2634 annos
577 2570 837 2657 quadringentos,
856 2569 971 2654 quibus
987 2571 1047 2633 oir-

56 2675 132 2718 cum
147 2653 260 2718 urbem
274 2676 378 2740 ipsam
396 2676 468 2718 cum
483 2654 631 2733 finitimis·
643 2653 782 2716 luctatus
800 2661 859 2717 est.
888 2652 969 2717 haec
986 2654 1048 2717 erit
1129 2730 1132 2738 Ι

14 2758 40 2799 rs
59 2738 130 2801 eius
147 2737 293 2801 infantia.
321 2760 458 2824 sequens
476 2759 496 2801 a
511 2739 613 2802 Bruto
625 2734 849 2822 Collatinoque
866 2736 1082 2806 consulibuss

56 2823 93 2884 in
101 2821 242 2906 Appium
254 2820 426 2887 Claudium
437 2821 592 2902 Quintum
601 2820 753 2885 Fulvium
764 2821 911 2884 consules
924 2828 1052 2884 eentum
1142 2858 1147 2867 ’

79 2905 292 2990 uinquaginta
307 2907 401 2970 annis
419 2913 522 3006 patet,
540 2905 655 2990 quibus
673 2903 801 2968 Italiam
818 2904 955 2988 subegit.
990 2901 1052 2966 hoc

56 2927 121 3054 luit
132 2997 257 3075 tempus
268 2991 347 3054 viris
357 3011 454 3054 arm1s
466 2988 731 3070 modestissimum,
744 2988 880 3073 ideoque
893 2986 964 3072 quis
975 2985 1052 3049 adu·

15 3078 18 3083 ’
56 3073 246 3138 lescentiam
268 3070 396 3138 dixerit.
435 3073 585 3157 deinceps
607 3072 650 3137 ad
674 3071 847 3137 Caesarem
867 3071 1078 3155 Augustum-r

23 3163 188 3224 recentum
200 3164 231 3220 et
242 3158 474 3242 quinquaginta
484 3159 576 3237 anni,
592 3155 707 3242 quibus
724 3164 826 3220 totum
837 3153 948 3217 orbem
956 3175 1051 3240 paea-

38 3249 43 3255 “
59 3241 120 3303 vit.
142 3238 195 3303 hic
205 3240 270 3303 iam
283 3241 354 3325 ipsa
364 3241 513 3305 iuventus
525 3241 651 3326 imperii
663 3249 695 3303 et
705 3239 798 3325 quasi
807 3237 940 3302 robusta
950 3247 1050 3301 matu·

57 3321 487 3408 ritasaansareAugusto
498 3325 532 3388 in
542 3324 704 3388 saeculum
715 3321 1076 3386 nostrumhautmultoss

57 3407 164 3472 minus
175 3407 251 3470 anni
262 3406 406 3491 ducenti,
425 3407 540 3494 quibus
556 3408 673 3472 inertia
684 3404 860 3471 Caesarum
875 3405 1055 3550 ‹qrqsicon-
