<?xml version="1.0" encoding="UTF-8"?>
<!DOCTYPE html PUBLIC "-//W3C//DTD XHTML 1.0 Transitional//EN"
    "http://www.w3.org/TR/xhtml1/DTD/xhtml1-transitional.dtd">
<html xmlns="http://www.w3.org/1999/xhtml" xml:lang="en" lang="en">
 <head>
  <title>
</title>
<meta http-equiv="Content-Type" content="text/html;charset=utf-8" />
  <meta name='ocr-system' content='tesseract 3.04.00' />
  <meta name='ocr-capabilities' content='ocr_page ocr_carea ocr_par ocr_line ocrx_word'/>
</head>
<body>
  <div class='ocr_page' id='page_1' title='image "./iulifloriepitom00halmgoog_0086.png"; bbox 0 0 2348 3818; ppageno 0'>
   <div class='ocr_carea' id='block_1_1' title="bbox 125 70 141 107">
    <p class='ocr_par' dir='ltr' id='par_1_1' title="bbox 125 70 141 107">
     <span class='ocr_line' id='line_1_1' title="bbox 125 70 141 107; baseline 0 0"><span class='ocrx_word' id='word_1_1' title='bbox 125 70 141 107; x_wconf 60' lang='grc' dir='ltr'>ἱ</span> 
     </span>
    </p>
   </div>
   <div class='ocr_carea' id='block_1_2' title="bbox 350 195 1100 315">
    <p class='ocr_par' dir='ltr' id='par_1_2' title="bbox 350 195 1100 315">
     <span class='ocr_line' id='line_1_2' title="bbox 350 195 1100 315; baseline 0.016 -40"><span class='ocrx_word' id='word_1_2' title='bbox 350 213 747 315; x_wconf 72' lang='lat' dir='ltr'>1,41-4s[111‚o-1o].</span> <span class='ocrx_word' id='word_1_3' title='bbox 956 195 959 200; x_wconf 74' lang='grc'><strong>’</strong></span> <span class='ocrx_word' id='word_1_4' title='bbox 1004 226 1045 288; x_wconf 82' lang='lat' dir='ltr'>so</span> <span class='ocrx_word' id='word_1_5' title='bbox 1099 200 1100 204; x_wconf 65' lang='lat'><em>&#39;</em></span> 
     </span>
    </p>
   </div>
   <div class='ocr_carea' id='block_1_3' title="bbox 50 380 1072 1634">
    <p class='ocr_par' dir='ltr' id='par_1_3' title="bbox 50 380 1072 1634">
     <span class='ocr_line' id='line_1_3' title="bbox 53 380 1045 469; baseline 0.005 -22"><span class='ocrx_word' id='word_1_6' title='bbox 53 388 269 466; x_wconf 73' lang='lat' dir='ltr'>competant.</span> <span class='ocrx_word' id='word_1_7' title='bbox 312 380 456 445; x_wconf 89' lang='lat' dir='ltr'>homines</span> <span class='ocrx_word' id='word_1_8' title='bbox 482 381 568 445; x_wconf 89' lang='lat' dir='ltr'>feros</span> <span class='ocrx_word' id='word_1_9' title='bbox 601 393 696 469; x_wconf 88' lang='lat' dir='ltr'>atque</span> <span class='ocrx_word' id='word_1_10' title='bbox 731 383 894 449; x_wconf 87' lang='lat' dir='ltr'>silvestres</span> <span class='ocrx_word' id='word_1_11' title='bbox 920 389 1045 452; x_wconf 87' lang='lat' dir='ltr'>mireris</span> 
     </span>
     <span class='ocr_line' id='line_1_4' title="bbox 59 463 1071 562; baseline 0.002 -35"><span class='ocrx_word' id='word_1_12' title='bbox 59 486 144 529; x_wconf 86' lang='lat' dir='ltr'>ansos</span> <span class='ocrx_word' id='word_1_13' title='bbox 168 484 188 526; x_wconf 91' lang='lat' dir='ltr'>a</span> <span class='ocrx_word' id='word_1_14' title='bbox 207 463 346 562; x_wconf 78' lang='lat' dir='ltr'>seopulis</span> <span class='ocrx_word' id='word_1_15' title='bbox 365 467 430 528; x_wconf 87' lang='lat' dir='ltr'>suis</span> <span class='ocrx_word' id='word_1_16' title='bbox 458 465 570 529; x_wconf 87' lang='lat' dir='ltr'>saltem</span> <span class='ocrx_word' id='word_1_17' title='bbox 588 468 689 529; x_wconf 89' lang='lat' dir='ltr'>maria</span> <span class='ocrx_word' id='word_1_18' title='bbox 709 470 903 552; x_wconf 82' lang='lat' dir='ltr'>prospicere.</span> <span class='ocrx_word' id='word_1_19' title='bbox 934 478 1071 536; x_wconf 79' lang='lat' dir='ltr'>ascen-3</span> 
     </span>
     <span class='ocr_line' id='line_1_5' title="bbox 61 547 1053 636; baseline 0.007 -25"><span class='ocrx_word' id='word_1_20' title='bbox 61 547 128 612; x_wconf 85' lang='lat' dir='ltr'>dere</span> <span class='ocrx_word' id='word_1_21' title='bbox 148 549 247 610; x_wconf 88' lang='lat' dir='ltr'>etiam</span> <span class='ocrx_word' id='word_1_22' title='bbox 267 547 446 611; x_wconf 87' lang='lat' dir='ltr'>rnconditas</span> <span class='ocrx_word' id='word_1_23' title='bbox 467 558 551 612; x_wconf 87' lang='lat' dir='ltr'>rates</span> <span class='ocrx_word' id='word_1_24' title='bbox 580 558 611 612; x_wconf 90' lang='lat' dir='ltr'>et</span> <span class='ocrx_word' id='word_1_25' title='bbox 634 554 951 636; x_wconf 81' lang='lat' dir='ltr'>praeternavigantes</span> <span class='ocrx_word' id='word_1_26' title='bbox 973 553 1053 618; x_wconf 55' lang='lat' dir='ltr'>sub-²</span> 
     </span>
     <span class='ocr_line' id='line_1_6' title="bbox 63 631 1072 717; baseline 0.006 -24"><span class='ocrx_word' id='word_1_27' title='bbox 63 631 127 695; x_wconf 89' lang='lat' dir='ltr'>inde</span> <span class='ocrx_word' id='word_1_28' title='bbox 146 632 312 715; x_wconf 89' lang='lat' dir='ltr'>inopinato</span> <span class='ocrx_word' id='word_1_29' title='bbox 328 634 449 717; x_wconf 88' lang='lat' dir='ltr'>impetn</span> <span class='ocrx_word' id='word_1_30' title='bbox 462 640 615 696; x_wconf 85' lang='lat' dir='ltr'>terruere.</span> <span class='ocrx_word' id='word_1_31' title='bbox 635 642 692 715; x_wconf 83' lang='lat' dir='ltr'>¹set</span> <span class='ocrx_word' id='word_1_32' title='bbox 715 655 786 696; x_wconf 89' lang='lat' dir='ltr'>oum</span> <span class='ocrx_word' id='word_1_33' title='bbox 799 636 982 700; x_wconf 86' lang='lat' dir='ltr'>venientem</span> <span class='ocrx_word' id='word_1_34' title='bbox 1004 636 1072 701; x_wconf 69' lang='lat' dir='ltr'>aba</span> 
     </span>
     <span class='ocr_line' id='line_1_7' title="bbox 50 713 1046 803; baseline 0.008 -27"><span class='ocrx_word' id='word_1_35' title='bbox 50 713 117 791; x_wconf 74' lang='lat' dir='ltr'>salto</span> <span class='ocrx_word' id='word_1_36' title='bbox 136 715 316 778; x_wconf 76' lang='lat' dir='ltr'>Romanam</span> <span class='ocrx_word' id='word_1_37' title='bbox 337 714 474 799; x_wconf 77' lang='lat' dir='ltr'>alassem</span> <span class='ocrx_word' id='word_1_38' title='bbox 489 718 740 801; x_wconf 79' lang='lat' dir='ltr'>prospexissent,</span> <span class='ocrx_word' id='word_1_39' title='bbox 760 717 913 801; x_wconf 89' lang='lat' dir='ltr'>praedam</span> <span class='ocrx_word' id='word_1_40' title='bbox 933 728 1046 803; x_wconf 88' lang='lat' dir='ltr'>putan-</span> 
     </span>
     <span class='ocr_line' id='line_1_8' title="bbox 66 799 1045 885; baseline 0.006 -25"><span class='ocrx_word' id='word_1_41' title='bbox 66 804 112 878; x_wconf 85' lang='lat' dir='ltr'>tes,</span> <span class='ocrx_word' id='word_1_42' title='bbox 130 799 203 861; x_wconf 85' lang='lat' dir='ltr'>ausi</span> <span class='ocrx_word' id='word_1_43' title='bbox 225 799 520 879; x_wconf 77' lang='lat' dir='ltr'>etiamooourrere,</span> <span class='ocrx_word' id='word_1_44' title='bbox 537 809 569 861; x_wconf 88' lang='lat' dir='ltr'>et</span> <span class='ocrx_word' id='word_1_45' title='bbox 588 801 692 884; x_wconf 90' lang='lat' dir='ltr'>primo</span> <span class='ocrx_word' id='word_1_46' title='bbox 714 801 835 885; x_wconf 88' lang='lat' dir='ltr'>impetu</span> <span class='ocrx_word' id='word_1_47' title='bbox 855 801 979 884; x_wconf 83' lang='lat' dir='ltr'>ingenti</span> <span class='ocrx_word' id='word_1_48' title='bbox 1001 802 1045 866; x_wconf 90' lang='lat' dir='ltr'>la·</span> 
     </span>
     <span class='ocr_line' id='line_1_9' title="bbox 68 880 1070 968; baseline 0.007 -26"><span class='ocrx_word' id='word_1_49' title='bbox 68 880 161 963; x_wconf 87' lang='lat' dir='ltr'>pidum</span> <span class='ocrx_word' id='word_1_50' title='bbox 182 901 396 966; x_wconf 71' lang='lat' dir='ltr'>saxorumque</span> <span class='ocrx_word' id='word_1_51' title='bbox 424 881 533 946; x_wconf 90' lang='lat' dir='ltr'>nimbo</span> <span class='ocrx_word' id='word_1_52' title='bbox 551 881 687 946; x_wconf 81' lang='lat' dir='ltr'>classem</span> <span class='ocrx_word' id='word_1_53' title='bbox 708 891 910 968; x_wconf 78' lang='lat' dir='ltr'>operuerunt.</span> <span class='ocrx_word' id='word_1_54' title='bbox 940 883 1070 948; x_wconf 88' lang='lat' dir='ltr'>tribus5</span> 
     </span>
     <span class='ocr_line' id='line_1_10' title="bbox 69 963 1045 1053; baseline 0.003 -26"><span class='ocrx_word' id='word_1_55' title='bbox 69 965 186 1050; x_wconf 86' lang='lat' dir='ltr'>quisque</span> <span class='ocrx_word' id='word_1_56' title='bbox 212 963 322 1028; x_wconf 85' lang='lat' dir='ltr'>fundis</span> <span class='ocrx_word' id='word_1_57' title='bbox 348 964 556 1049; x_wconf 86' lang='lat' dir='ltr'>proeliantur.</span> <span class='ocrx_word' id='word_1_58' title='bbox 590 975 694 1030; x_wconf 82' lang='lat' dir='ltr'>certos</span> <span class='ocrx_word' id='word_1_59' title='bbox 720 989 791 1030; x_wconf 89' lang='lat' dir='ltr'>esse</span> <span class='ocrx_word' id='word_1_60' title='bbox 820 968 891 1053; x_wconf 89' lang='lat' dir='ltr'>quis</span> <span class='ocrx_word' id='word_1_61' title='bbox 913 968 1045 1031; x_wconf 89' lang='lat' dir='ltr'>miretur</span> 
     </span>
     <span class='ocr_line' id='line_1_11' title="bbox 69 1045 1044 1132; baseline 0.006 -25"><span class='ocrx_word' id='word_1_62' title='bbox 69 1045 142 1128; x_wconf 86' lang='lat' dir='ltr'>iotus,</span> <span class='ocrx_word' id='word_1_63' title='bbox 158 1069 232 1111; x_wconf 84' lang='lat' dir='ltr'>curn</span> <span class='ocrx_word' id='word_1_64' title='bbox 253 1048 333 1111; x_wconf 86' lang='lat' dir='ltr'>haec</span> <span class='ocrx_word' id='word_1_65' title='bbox 354 1048 423 1112; x_wconf 88' lang='lat' dir='ltr'>sola</span> <span class='ocrx_word' id='word_1_66' title='bbox 444 1049 533 1132; x_wconf 87' lang='lat' dir='ltr'>genti</span> <span class='ocrx_word' id='word_1_67' title='bbox 553 1069 643 1112; x_wconf 91' lang='lat' dir='ltr'>arma</span> <span class='ocrx_word' id='word_1_68' title='bbox 664 1050 742 1130; x_wconf 89' lang='lat' dir='ltr'>sint,</span> <span class='ocrx_word' id='word_1_69' title='bbox 765 1050 800 1114; x_wconf 94' lang='lat' dir='ltr'>id</span> <span class='ocrx_word' id='word_1_70' title='bbox 818 1046 976 1114; x_wconf 63' lang='lat' dir='ltr'>unum³ab</span> <span class='ocrx_word' id='word_1_71' title='bbox 997 1052 1044 1113; x_wconf 90' lang='lat' dir='ltr'>in-</span> 
     </span>
     <span class='ocr_line' id='line_1_12' title="bbox 51 1127 1045 1218; baseline 0.006 -28"><span class='ocrx_word' id='word_1_72' title='bbox 51 1127 154 1198; x_wconf 71' lang='lat' dir='ltr'>ostatis</span> <span class='ocrx_word' id='word_1_73' title='bbox 174 1129 466 1200; x_wconf 70' lang='lat' dir='ltr'>sudiumrcibum</span> <span class='ocrx_word' id='word_1_74' title='bbox 485 1154 565 1217; x_wconf 90' lang='lat' dir='ltr'>puer</span> <span class='ocrx_word' id='word_1_75' title='bbox 585 1154 605 1195; x_wconf 89' lang='lat' dir='ltr'>a</span> <span class='ocrx_word' id='word_1_76' title='bbox 625 1140 727 1196; x_wconf 89' lang='lat' dir='ltr'>matre</span> <span class='ocrx_word' id='word_1_77' title='bbox 749 1154 815 1197; x_wconf 93' lang='lat' dir='ltr'>non</span> <span class='ocrx_word' id='word_1_78' title='bbox 835 1134 960 1218; x_wconf 87' lang='lat' dir='ltr'>aooipit,</span> <span class='ocrx_word' id='word_1_79' title='bbox 981 1135 1045 1198; x_wconf 90' lang='lat' dir='ltr'>nisi</span> 
     </span>
     <span class='ocr_line' id='line_1_13' title="bbox 70 1215 1044 1302; baseline 0.001 -23"><span class='ocrx_word' id='word_1_80' title='bbox 70 1232 144 1295; x_wconf 82' lang='lat' dir='ltr'>qoem</span> <span class='ocrx_word' id='word_1_81' title='bbox 158 1215 170 1277; x_wconf 94' lang='lat' dir='ltr'>i</span> <span class='ocrx_word' id='word_1_82' title='bbox 193 1234 230 1277; x_wconf 89' lang='lat' dir='ltr'>sa</span> <span class='ocrx_word' id='word_1_83' title='bbox 245 1223 443 1278; x_wconf 84' lang='lat' dir='ltr'>monstrante</span> <span class='ocrx_word' id='word_1_84' title='bbox 458 1217 663 1301; x_wconf 83' lang='lat' dir='ltr'>percusserit.</span> <span class='ocrx_word' id='word_1_85' title='bbox 692 1217 751 1280; x_wconf 87' lang='lat' dir='ltr'>sed</span> <span class='ocrx_word' id='word_1_86' title='bbox 767 1238 832 1281; x_wconf 91' lang='lat' dir='ltr'>non</span> <span class='ocrx_word' id='word_1_87' title='bbox 850 1218 907 1281; x_wconf 88' lang='lat' dir='ltr'>diu</span> <span class='ocrx_word' id='word_1_88' title='bbox 923 1217 1044 1302; x_wconf 89' lang='lat' dir='ltr'>lapida-</span> 
     </span>
     <span class='ocr_line' id='line_1_14' title="bbox 69 1291 1072 1386; baseline 0.003 -29"><span class='ocrx_word' id='word_1_89' title='bbox 69 1297 136 1360; x_wconf 86' lang='lat' dir='ltr'>tione</span> <span class='ocrx_word' id='word_1_90' title='bbox 182 1311 314 1362; x_wconf 79' lang='lat' dir='ltr'>ouranos</span> <span class='ocrx_word' id='word_1_91' title='bbox 327 1307 488 1362; x_wconf 84' lang='lat' dir='ltr'>tenuere.·</span> <span class='ocrx_word' id='word_1_92' title='bbox 503 1320 578 1363; x_wconf 90' lang='lat' dir='ltr'>nam</span> <span class='ocrx_word' id='word_1_93' title='bbox 593 1308 763 1386; x_wconf 90' lang='lat' dir='ltr'>postquam</span> <span class='ocrx_word' id='word_1_94' title='bbox 777 1302 953 1365; x_wconf 83' lang='lat' dir='ltr'>comminus</span> <span class='ocrx_word' id='word_1_95' title='bbox 964 1291 1072 1365; x_wconf 64' lang='lat' dir='ltr'>ben-6</span> 
     </span>
     <span class='ocr_line' id='line_1_15' title="bbox 69 1382 1046 1469; baseline 0.004 -26"><span class='ocrx_word' id='word_1_96' title='bbox 69 1384 119 1443; x_wconf 81' lang='lat' dir='ltr'>tum</span> <span class='ocrx_word' id='word_1_97' title='bbox 137 1390 185 1444; x_wconf 93' lang='lat' dir='ltr'>est</span> <span class='ocrx_word' id='word_1_98' title='bbox 207 1382 396 1468; x_wconf 85' lang='lat' dir='ltr'>expertique</span> <span class='ocrx_word' id='word_1_99' title='bbox 414 1390 519 1445; x_wconf 89' lang='lat' dir='ltr'>rostra</span> <span class='ocrx_word' id='word_1_100' title='bbox 541 1391 573 1446; x_wconf 88' lang='lat' dir='ltr'>et</span> <span class='ocrx_word' id='word_1_101' title='bbox 591 1382 658 1468; x_wconf 93' lang='lat' dir='ltr'>pila</span> <span class='ocrx_word' id='word_1_102' title='bbox 678 1385 857 1462; x_wconf 84' lang='lat' dir='ltr'>venientia,</span> <span class='ocrx_word' id='word_1_103' title='bbox 885 1384 1046 1469; x_wconf 82' lang='lat' dir='ltr'>pecudum</span> 
     </span>
     <span class='ocr_line' id='line_1_16' title="bbox 68 1459 1045 1553; baseline 0.007 -30"><span class='ocrx_word' id='word_1_104' title='bbox 68 1459 224 1528; x_wconf 83' lang='lat' dir='ltr'>inmorem</span> <span class='ocrx_word' id='word_1_105' title='bbox 247 1463 385 1529; x_wconf 83' lang='lat' dir='ltr'>clamore</span> <span class='ocrx_word' id='word_1_106' title='bbox 412 1463 538 1529; x_wconf 88' lang='lat' dir='ltr'>sublato</span> <span class='ocrx_word' id='word_1_107' title='bbox 558 1467 741 1553; x_wconf 85' lang='lat' dir='ltr'>petiverunt</span> <span class='ocrx_word' id='word_1_108' title='bbox 761 1466 840 1550; x_wconf 78' lang='lat' dir='ltr'>fuga</span> <span class='ocrx_word' id='word_1_109' title='bbox 858 1465 969 1548; x_wconf 86' lang='lat' dir='ltr'>litora,</span> <span class='ocrx_word' id='word_1_110' title='bbox 999 1467 1045 1530; x_wconf 88' lang='lat' dir='ltr'>di-</span> 
     </span>
     <span class='ocr_line' id='line_1_17' title="bbox 50 1539 1045 1634; baseline 0.006 -29"><span class='ocrx_word' id='word_1_111' title='bbox 50 1539 192 1632; x_wconf 76' lang='lat' dir='ltr'>⁸bpsique</span> <span class='ocrx_word' id='word_1_112' title='bbox 209 1547 244 1610; x_wconf 93' lang='lat' dir='ltr'>in</span> <span class='ocrx_word' id='word_1_113' title='bbox 254 1549 417 1634; x_wconf 86' lang='lat' dir='ltr'>proximos</span> <span class='ocrx_word' id='word_1_114' title='bbox 433 1548 573 1612; x_wconf 89' lang='lat' dir='ltr'>tumulos</span> <span class='ocrx_word' id='word_1_115' title='bbox 591 1548 766 1634; x_wconf 87' lang='lat' dir='ltr'>quaerendi</span> <span class='ocrx_word' id='word_1_116' title='bbox 782 1549 911 1613; x_wconf 90' lang='lat' dir='ltr'>fuerunt</span> <span class='ocrx_word' id='word_1_117' title='bbox 927 1557 962 1612; x_wconf 91' lang='lat' dir='ltr'>ut</span> <span class='ocrx_word' id='word_1_118' title='bbox 975 1550 1045 1612; x_wconf 88' lang='lat' dir='ltr'>vin·</span> 
     </span>
    </p>
   </div>
   <div class='ocr_carea' id='block_1_4' title="bbox 69 1639 206 1695">
    <p class='ocr_par' dir='ltr' id='par_1_4' title="bbox 69 1639 206 1695">
     <span class='ocr_line' id='line_1_18' title="bbox 69 1639 206 1695; baseline 0.022 -4"><span class='ocrx_word' id='word_1_119' title='bbox 69 1639 206 1695; x_wconf 76' lang='lat' dir='ltr'>serentur.</span> 
     </span>
    </p>
   </div>
   <div class='ocr_carea' id='block_1_5' title="bbox 135 1759 898 1829">
    <p class='ocr_par' dir='ltr' id='par_1_5' title="bbox 135 1759 898 1829">
     <span class='ocr_line' id='line_1_19' title="bbox 135 1759 898 1829; baseline -0.001 0"><span class='ocrx_word' id='word_1_120' title='bbox 135 1802 149 1829; x_wconf 88' lang='lat'>.·</span> <span class='ocrx_word' id='word_1_121' title='bbox 189 1759 333 1826; x_wconf 88' lang='lat' dir='ltr'>XLIIII.</span> <span class='ocrx_word' id='word_1_122' title='bbox 362 1761 612 1828; x_wconf 85' lang='lat' dir='ltr'>EXPEDITIO</span> <span class='ocrx_word' id='word_1_123' title='bbox 635 1762 684 1828; x_wconf 89' lang='lat' dir='ltr'>IN</span> <span class='ocrx_word' id='word_1_124' title='bbox 706 1762 898 1829; x_wconf 83' lang='lat' dir='ltr'>OYPRVM.</span> 
     </span>
    </p>
   </div>
   <div class='ocr_carea' id='block_1_6' title="bbox 50 1880 1150 2720">
    <p class='ocr_par' dir='ltr' id='par_1_6' title="bbox 50 1880 1150 2720">
     <span class='ocr_line' id='line_1_20' title="bbox 130 1880 1112 1969; baseline -0.001 -23"><span class='ocrx_word' id='word_1_125' title='bbox 130 1881 253 1946; x_wconf 87' lang='lat' dir='ltr'>Aderat</span> <span class='ocrx_word' id='word_1_126' title='bbox 268 1880 370 1945; x_wconf 86' lang='lat' dir='ltr'>fatum</span> <span class='ocrx_word' id='word_1_127' title='bbox 383 1881 569 1946; x_wconf 89' lang='lat' dir='ltr'>insularum.</span> <span class='ocrx_word' id='word_1_128' title='bbox 591 1884 691 1967; x_wconf 81' lang='lat' dir='ltr'>igitur</span> <span class='ocrx_word' id='word_1_129' title='bbox 711 1891 742 1948; x_wconf 89' lang='lat' dir='ltr'>et</span> <span class='ocrx_word' id='word_1_130' title='bbox 754 1883 880 1969; x_wconf 71' lang='lat' dir='ltr'>Cypros</span> <span class='ocrx_word' id='word_1_131' title='bbox 898 1880 1112 1968; x_wconf 81' lang='lat' dir='ltr'>reoepta111,9</span> 
     </span>
     <span class='ocr_line' id='line_1_21' title="bbox 67 1962 1069 2032; baseline 0.001 -6"><span class='ocrx_word' id='word_1_132' title='bbox 67 1962 120 2028; x_wconf 77' lang='lat' dir='ltr'>tine</span> <span class='ocrx_word' id='word_1_133' title='bbox 135 1963 233 2030; x_wconf 91' lang='lat' dir='ltr'>bello.</span> <span class='ocrx_word' id='word_1_134' title='bbox 255 1964 394 2029; x_wconf 87' lang='lat' dir='ltr'>insulam</span> <span class='ocrx_word' id='word_1_135' title='bbox 411 1965 573 2030; x_wconf 86' lang='lat' dir='ltr'>veteribus</span> <span class='ocrx_word' id='word_1_136' title='bbox 591 1966 713 2031; x_wconf 73' lang='lat' dir='ltr'>divitiis</span> <span class='ocrx_word' id='word_1_137' title='bbox 731 1967 947 2032; x_wconf 88' lang='lat' dir='ltr'>abundantem</span> <span class='ocrx_word' id='word_1_138' title='bbox 959 1967 991 2030; x_wconf 84' lang='lat' dir='ltr'>et</span> <span class='ocrx_word' id='word_1_139' title='bbox 1001 1965 1069 2029; x_wconf 71' lang='lat' dir='ltr'>o&#39;ba</span> 
     </span>
     <span class='ocr_line' id='line_1_22' title="bbox 50 2039 1070 2134; baseline 0.001 -26"><span class='ocrx_word' id='word_1_140' title='bbox 50 2039 112 2111; x_wconf 72' lang='lat' dir='ltr'>&#39;bo&#39;o</span> <span class='ocrx_word' id='word_1_141' title='bbox 126 2044 246 2113; x_wconf 88' lang='lat' dir='ltr'>Veneri</span> <span class='ocrx_word' id='word_1_142' title='bbox 262 2069 386 2112; x_wconf 83' lang='lat' dir='ltr'>sacram</span> <span class='ocrx_word' id='word_1_143' title='bbox 396 2048 598 2113; x_wconf 87' lang='lat' dir='ltr'>Ptolemaeus</span> <span class='ocrx_word' id='word_1_144' title='bbox 615 2050 757 2134; x_wconf 88' lang='lat' dir='ltr'>regebat.</span> <span class='ocrx_word' id='word_1_145' title='bbox 781 2051 839 2114; x_wconf 90' lang='lat' dir='ltr'>sed</span> <span class='ocrx_word' id='word_1_146' title='bbox 859 2051 1070 2114; x_wconf 88' lang='lat' dir='ltr'>divitiarum3</span> 
     </span>
     <span class='ocr_line' id='line_1_23' title="bbox 66 2131 1150 2277; baseline -0.004 -84"><span class='ocrx_word' id='word_1_147' title='bbox 66 2133 136 2194; x_wconf 76' lang='lat' dir='ltr'>anta</span> <span class='ocrx_word' id='word_1_148' title='bbox 145 2140 214 2196; x_wconf 89' lang='lat' dir='ltr'>erat</span> <span class='ocrx_word' id='word_1_149' title='bbox 230 2131 326 2214; x_wconf 86' lang='lat' dir='ltr'>fama,</span> <span class='ocrx_word' id='word_1_150' title='bbox 348 2146 409 2197; x_wconf 89' lang='lat' dir='ltr'>neo</span> <span class='ocrx_word' id='word_1_151' title='bbox 422 2132 514 2213; x_wconf 80' lang='lat' dir='ltr'>falso,</span> <span class='ocrx_word' id='word_1_152' title='bbox 535 2142 570 2195; x_wconf 88' lang='lat' dir='ltr'>ut</span> <span class='ocrx_word' id='word_1_153' title='bbox 590 2135 847 2216; x_wconf 78' lang='lat' dir='ltr'>vietorgentium</span> <span class='ocrx_word' id='word_1_154' title='bbox 859 2132 1001 2277; x_wconf 82' lang='lat' dir='ltr'>populus</span> <span class='ocrx_word' id='word_1_155' title='bbox 1014 2139 1045 2194; x_wconf 90' lang='lat' dir='ltr'>et</span> <span class='ocrx_word' id='word_1_156' title='bbox 1147 2184 1150 2189; x_wconf 85' lang='lat'>.</span> 
     </span>
     <span class='ocr_line' id='line_1_24' title="bbox 67 2208 1044 2300; baseline 0.003 -27"><span class='ocrx_word' id='word_1_157' title='bbox 67 2208 170 2280; x_wconf 83' lang='lat' dir='ltr'>donare</span> <span class='ocrx_word' id='word_1_158' title='bbox 187 2237 289 2300; x_wconf 82' lang='lat' dir='ltr'>regna</span> <span class='ocrx_word' id='word_1_159' title='bbox 310 2224 479 2280; x_wconf 81' lang='lat' dir='ltr'>consuetus</span> <span class='ocrx_word' id='word_1_160' title='bbox 499 2216 537 2278; x_wconf 90' lang='lat' dir='ltr'>P.</span> <span class='ocrx_word' id='word_1_161' title='bbox 551 2215 665 2279; x_wconf 83' lang='lat' dir='ltr'>Clodio</span> <span class='ocrx_word' id='word_1_162' title='bbox 684 2215 814 2284; x_wconf 80' lang='lat' dir='ltr'>,tribuno</span> <span class='ocrx_word' id='word_1_163' title='bbox 836 2212 940 2299; x_wconf 82' lang='lat' dir='ltr'>pebrs</span> <span class='ocrx_word' id='word_1_164' title='bbox 963 2213 1044 2277; x_wconf 83' lang='lat' dir='ltr'>duos</span> 
     </span>
     <span class='ocr_line' id='line_1_25' title="bbox 68 2296 1070 2382; baseline -0.003 -20"><span class='ocrx_word' id='word_1_165' title='bbox 68 2299 130 2362; x_wconf 74' lang='lat' dir='ltr'>socii</span> <span class='ocrx_word' id='word_1_166' title='bbox 148 2300 218 2364; x_wconf 79' lang='lat' dir='ltr'>vivi</span> <span class='ocrx_word' id='word_1_167' title='bbox 240 2317 290 2364; x_wconf 86' lang='lat' dir='ltr'>ue·</span> <span class='ocrx_word' id='word_1_168' title='bbox 303 2300 390 2382; x_wconf 83' lang='lat' dir='ltr'>regis</span> <span class='ocrx_word' id='word_1_169' title='bbox 412 2298 670 2362; x_wconf 83' lang='lat' dir='ltr'>confiscationem</span> <span class='ocrx_word' id='word_1_170' title='bbox 690 2298 901 2361; x_wconf 83' lang='lat' dir='ltr'>mandaverit.</span> <span class='ocrx_word' id='word_1_171' title='bbox 936 2305 968 2360; x_wconf 90' lang='lat' dir='ltr'>et</span> <span class='ocrx_word' id='word_1_172' title='bbox 986 2296 1070 2360; x_wconf 82' lang='lat' dir='ltr'>ille4</span> 
     </span>
     <span class='ocr_line' id='line_1_26' title="bbox 66 2321 1064 2521; baseline 0.004 -77"><span class='ocrx_word' id='word_1_173' title='bbox 66 2381 177 2521; x_wconf 65' lang='lat' dir='ltr'>pridem</span> <span class='ocrx_word' id='word_1_174' title='bbox 197 2321 240 2446; x_wconf 80' lang='lat' dir='ltr'>ad</span> <span class='ocrx_word' id='word_1_175' title='bbox 259 2384 308 2447; x_wconf 88' lang='lat' dir='ltr'>rei</span> <span class='ocrx_word' id='word_1_176' title='bbox 327 2382 446 2446; x_wconf 89' lang='lat' dir='ltr'>famam</span> <span class='ocrx_word' id='word_1_177' title='bbox 465 2387 599 2446; x_wconf 81' lang='lat' dir='ltr'>veneno’</span> <span class='ocrx_word' id='word_1_178' title='bbox 611 2381 678 2445; x_wconf 84' lang='lat' dir='ltr'>fata</span> <span class='ocrx_word' id='word_1_179' title='bbox 697 2382 870 2468; x_wconf 73' lang='lat' dir='ltr'>praesepit.</span> <span class='ocrx_word' id='word_1_180' title='bbox 897 2388 1064 2469; x_wconf 72' lang='lat' dir='ltr'>osteruma</span> 
     </span>
     <span class='ocr_line' id='line_1_27' title="bbox 50 2460 1043 2567; baseline 0 -40"><span class='ocrx_word' id='word_1_181' title='bbox 50 2460 62 2502; x_wconf 77' lang='lat'>⁸</span> <span class='ocrx_word' id='word_1_182' title='bbox 85 2466 180 2530; x_wconf 85' lang='lat' dir='ltr'>oroius</span> <span class='ocrx_word' id='word_1_183' title='bbox 193 2462 273 2532; x_wconf 81' lang='lat' dir='ltr'>Oato</span> <span class='ocrx_word' id='word_1_184' title='bbox 287 2465 423 2552; x_wconf 79' lang='lat' dir='ltr'>Cyprias</span> <span class='ocrx_word' id='word_1_185' title='bbox 440 2487 516 2553; x_wconf 88' lang='lat' dir='ltr'>opes</span> <span class='ocrx_word' id='word_1_186' title='bbox 536 2465 672 2529; x_wconf 90' lang='lat' dir='ltr'>liburnis</span> <span class='ocrx_word' id='word_1_187' title='bbox 688 2488 747 2567; x_wconf 90' lang='lat' dir='ltr'>per</span> <span class='ocrx_word' id='word_1_188' title='bbox 764 2464 952 2530; x_wconf 85' lang='lat' dir='ltr'>Tiberinum</span> <span class='ocrx_word' id='word_1_189' title='bbox 970 2465 1043 2528; x_wconf 89' lang='lat' dir='ltr'>osti-</span> 
     </span>
     <span class='ocr_line' id='line_1_28' title="bbox 65 2540 1045 2650; baseline 0.002 -41"><span class='ocrx_word' id='word_1_190' title='bbox 65 2562 105 2609; x_wconf 83' lang='lat' dir='ltr'>un</span> <span class='ocrx_word' id='word_1_191' title='bbox 122 2551 256 2614; x_wconf 84' lang='lat' dir='ltr'>invexit.</span> <span class='ocrx_word' id='word_1_192' title='bbox 292 2560 447 2650; x_wconf 77' lang='lat' dir='ltr'>quaeres</span> <span class='ocrx_word' id='word_1_193' title='bbox 470 2549 567 2614; x_wconf 88' lang='lat' dir='ltr'>latius</span> <span class='ocrx_word' id='word_1_194' title='bbox 593 2540 752 2614; x_wconf 83' lang='lat' dir='ltr'>aera&#39;rrum</span> <span class='ocrx_word' id='word_1_195' title='bbox 779 2548 890 2636; x_wconf 91' lang='lat' dir='ltr'>populi</span> <span class='ocrx_word' id='word_1_196' title='bbox 908 2548 1045 2614; x_wconf 90' lang='lat' dir='ltr'>Romani</span> 
     </span>
     <span class='ocr_line' id='line_1_29' title="bbox 65 2632 625 2720; baseline 0 -24"><span class='ocrx_word' id='word_1_197' title='bbox 65 2646 143 2710; x_wconf 78' lang='lat' dir='ltr'>quom</span> <span class='ocrx_word' id='word_1_198' title='bbox 160 2632 246 2697; x_wconf 86' lang='lat' dir='ltr'>ullus</span> <span class='ocrx_word' id='word_1_199' title='bbox 268 2633 447 2720; x_wconf 80' lang='lat' dir='ltr'>triumphus</span> <span class='ocrx_word' id='word_1_200' title='bbox 469 2632 625 2718; x_wconf 75' lang='lat' dir='ltr'>implerit.</span> 
     </span>
    </p>
   </div>
   <div class='ocr_carea' id='block_1_7' title="bbox 258 2749 901 2830">
    <p class='ocr_par' dir='ltr' id='par_1_7' title="bbox 258 2749 901 2830">
     <span class='ocr_line' id='line_1_30' title="bbox 258 2749 901 2830; baseline -0.006 0"><span class='ocrx_word' id='word_1_201' title='bbox 258 2764 362 2830; x_wconf 89' lang='lat' dir='ltr'><strong>XLV.</strong></span> <span class='ocrx_word' id='word_1_202' title='bbox 390 2763 574 2829; x_wconf 82' lang='lat' dir='ltr'>BELLVM</span> <span class='ocrx_word' id='word_1_203' title='bbox 596 2761 841 2827; x_wconf 77' lang='lat' dir='ltr'><strong>GALLIOVM.</strong></span> <span class='ocrx_word' id='word_1_204' title='bbox 894 2749 901 2759; x_wconf 72' lang='grc'><strong>’</strong></span> 
     </span>
    </p>
   </div>
   <div class='ocr_carea' id='block_1_8' title="bbox 50 2877 1133 3553">
    <p class='ocr_par' dir='ltr' id='par_1_8' title="bbox 50 2877 1133 3298">
     <span class='ocr_line' id='line_1_31' title="bbox 129 2877 1111 2967; baseline -0.005 -22"><span class='ocrx_word' id='word_1_205' title='bbox 129 2883 211 2946; x_wconf 89' lang='lat' dir='ltr'>Asia</span> <span class='ocrx_word' id='word_1_206' title='bbox 225 2881 361 2967; x_wconf 85' lang='lat' dir='ltr'>Pompei</span> <span class='ocrx_word' id='word_1_207' title='bbox 370 2881 518 2945; x_wconf 88' lang='lat' dir='ltr'>manibus</span> <span class='ocrx_word' id='word_1_208' title='bbox 532 2879 666 2944; x_wconf 85' lang='lat' dir='ltr'>subacta</span> <span class='ocrx_word' id='word_1_209' title='bbox 676 2881 809 2966; x_wconf 89' lang='lat' dir='ltr'>reliqua,</span> <span class='ocrx_word' id='word_1_210' title='bbox 822 2901 903 2967; x_wconf 88' lang='lat' dir='ltr'>quae</span> <span class='ocrx_word' id='word_1_211' title='bbox 914 2886 1062 2956; x_wconf 90' lang='lat' dir='ltr'>resta-111,</span> <span class='ocrx_word' id='word_1_212' title='bbox 1072 2877 1111 2952; x_wconf 87' lang='lat'>10</span> 
     </span>
     <span class='ocr_line' id='line_1_32' title="bbox 50 2957 1104 3051; baseline 0.004 -29"><span class='ocrx_word' id='word_1_213' title='bbox 50 2957 125 3028; x_wconf 72' lang='lat' dir='ltr'>ibant</span> <span class='ocrx_word' id='word_1_214' title='bbox 143 2967 180 3030; x_wconf 93' lang='lat' dir='ltr'>in</span> <span class='ocrx_word' id='word_1_215' title='bbox 199 2965 346 3051; x_wconf 79' lang='lat' dir='ltr'>Europa,</span> <span class='ocrx_word' id='word_1_216' title='bbox 377 2965 522 3030; x_wconf 84' lang='lat' dir='ltr'>Fortuna</span> <span class='ocrx_word' id='word_1_217' title='bbox 541 2965 576 3026; x_wconf 94' lang='lat' dir='ltr'>in</span> <span class='ocrx_word' id='word_1_218' title='bbox 598 2963 770 3028; x_wconf 80' lang='lat' dir='ltr'>Caesarem</span> <span class='ocrx_word' id='word_1_219' title='bbox 789 2961 962 3027; x_wconf 89' lang='lat' dir='ltr'>transtulit.</span> <span class='ocrx_word' id='word_1_220' title='bbox 993 2977 1068 3026; x_wconf 68' lang='lat' dir='ltr'>rea</span> <span class='ocrx_word' id='word_1_221' title='bbox 1101 3041 1104 3046; x_wconf 86' lang='lat'>.</span> 
     </span>
     <span class='ocr_line' id='line_1_33' title="bbox 60 3043 1133 3131; baseline -0.002 -24"><span class='ocrx_word' id='word_1_222' title='bbox 60 3047 174 3112; x_wconf 85' lang='lat' dir='ltr'>stabant</span> <span class='ocrx_word' id='word_1_223' title='bbox 190 3058 298 3113; x_wconf 91' lang='lat' dir='ltr'>autem</span> <span class='ocrx_word' id='word_1_224' title='bbox 315 3049 527 3112; x_wconf 91' lang='lat' dir='ltr'>inmanissimi</span> <span class='ocrx_word' id='word_1_225' title='bbox 540 3050 683 3130; x_wconf 84' lang='lat' dir='ltr'>gentium</span> <span class='ocrx_word' id='word_1_226' title='bbox 698 3045 786 3111; x_wconf 78' lang='lat' dir='ltr'>Galli</span> <span class='ocrx_word' id='word_1_227' title='bbox 803 3055 897 3131; x_wconf 89' lang='lat' dir='ltr'>atque</span> <span class='ocrx_word' id='word_1_228' title='bbox 913 3043 1044 3108; x_wconf 81' lang='lat' dir='ltr'>Germa-</span> <span class='ocrx_word' id='word_1_229' title='bbox 1128 3098 1133 3105; x_wconf 94' lang='lat'><em>.</em></span> 
     </span>
     <span class='ocr_line' id='line_1_34' title="bbox 58 3127 1044 3215; baseline -0.001 -22"><span class='ocrx_word' id='word_1_230' title='bbox 58 3131 134 3196; x_wconf 87' lang='lat' dir='ltr'>niet</span> <span class='ocrx_word' id='word_1_231' title='bbox 174 3135 301 3196; x_wconf 88' lang='lat' dir='ltr'>uamvis</span> <span class='ocrx_word' id='word_1_232' title='bbox 322 3141 388 3197; x_wconf 91' lang='lat' dir='ltr'>toto</span> <span class='ocrx_word' id='word_1_233' title='bbox 410 3132 486 3213; x_wconf 90' lang='lat' dir='ltr'>orbe</span> <span class='ocrx_word' id='word_1_234' title='bbox 507 3131 613 3211; x_wconf 88' lang='lat' dir='ltr'>divisi,</span> <span class='ocrx_word' id='word_1_235' title='bbox 634 3138 742 3194; x_wconf 89' lang='lat' dir='ltr'>tamen</span> <span class='ocrx_word' id='word_1_236' title='bbox 763 3131 838 3215; x_wconf 89' lang='lat' dir='ltr'>quia</span> <span class='ocrx_word' id='word_1_237' title='bbox 858 3130 989 3191; x_wconf 82' lang='lat' dir='ltr'>vincere</span> <span class='ocrx_word' id='word_1_238' title='bbox 1007 3127 1044 3193; x_wconf 92' lang='lat' dir='ltr'>li-</span> 
     </span>
     <span class='ocr_line' id='line_1_35' title="bbox 57 3155 305 3298; baseline 0.016 -22"><span class='ocrx_word' id='word_1_239' title='bbox 57 3210 125 3298; x_wconf 85' lang='lat' dir='ltr'>buit,</span> <span class='ocrx_word' id='word_1_240' title='bbox 144 3155 305 3280; x_wconf 60' lang='lat' dir='ltr'>firitanni.</span> 
     </span>
    </p>

    <p class='ocr_par' dir='ltr' id='par_1_9' title="bbox 53 3293 1087 3553">
     <span class='ocr_line' id='line_1_36' title="bbox 129 3293 1044 3379; baseline -0.007 -15"><span class='ocrx_word' id='word_1_241' title='bbox 129 3299 258 3364; x_wconf 90' lang='lat' dir='ltr'>Primus</span> <span class='ocrx_word' id='word_1_242' title='bbox 273 3300 398 3365; x_wconf 82' lang='lat' dir='ltr'>Galliae</span> <span class='ocrx_word' id='word_1_243' title='bbox 410 3306 514 3362; x_wconf 90' lang='lat' dir='ltr'>motus</span> <span class='ocrx_word' id='word_1_244' title='bbox 531 3296 572 3360; x_wconf 91' lang='lat' dir='ltr'>ab</span> <span class='ocrx_word' id='word_1_245' title='bbox 584 3294 744 3360; x_wconf 86' lang='lat' dir='ltr'>Helvetiis</span> <span class='ocrx_word' id='word_1_246' title='bbox 758 3294 870 3379; x_wconf 87' lang='lat' dir='ltr'>eoepit,</span> <span class='ocrx_word' id='word_1_247' title='bbox 893 3294 948 3379; x_wconf 89' lang='lat' dir='ltr'>qui</span> <span class='ocrx_word' id='word_1_248' title='bbox 959 3293 1044 3359; x_wconf 92' lang='lat' dir='ltr'>Rho-</span> 
     </span>
     <span class='ocr_line' id='line_1_37' title="bbox 55 3376 1043 3461; baseline -0.006 -15"><span class='ocrx_word' id='word_1_249' title='bbox 55 3380 168 3446; x_wconf 85' lang='lat' dir='ltr'>danum</span> <span class='ocrx_word' id='word_1_250' title='bbox 185 3384 271 3447; x_wconf 88' lang='lat' dir='ltr'>inter</span> <span class='ocrx_word' id='word_1_251' title='bbox 294 3393 325 3448; x_wconf 88' lang='lat' dir='ltr'>et</span> <span class='ocrx_word' id='word_1_252' title='bbox 345 3379 492 3446; x_wconf 87' lang='lat' dir='ltr'>Rhenum</span> <span class='ocrx_word' id='word_1_253' title='bbox 517 3381 584 3461; x_wconf 86' lang='lat' dir='ltr'>siti,</span> <span class='ocrx_word' id='word_1_254' title='bbox 610 3400 677 3443; x_wconf 92' lang='lat' dir='ltr'>non</span> <span class='ocrx_word' id='word_1_255' title='bbox 697 3376 929 3440; x_wconf 81' lang='lat' dir='ltr'>sufficientibus</span> <span class='ocrx_word' id='word_1_256' title='bbox 948 3379 1043 3440; x_wconf 89' lang='lat' dir='ltr'>terris</span> 
     </span>
     <span class='ocr_line' id='line_1_38' title="bbox 53 3460 1087 3553; baseline -0.013 -21"><span class='ocrx_word' id='word_1_257' title='bbox 53 3487 167 3532; x_wconf 80' lang='lat' dir='ltr'>venere</span> <span class='ocrx_word' id='word_1_258' title='bbox 182 3467 292 3540; x_wconf 79' lang='lat' dir='ltr'>sedem</span> <span class='ocrx_word' id='word_1_259' title='bbox 304 3468 449 3553; x_wconf 89' lang='lat' dir='ltr'>petitum,</span> <span class='ocrx_word' id='word_1_260' title='bbox 470 3464 610 3528; x_wconf 78' lang='lat' dir='ltr'>incensis</span> <span class='ocrx_word' id='word_1_261' title='bbox 629 3460 801 3528; x_wconf 83' lang='lat' dir='ltr'>moenibus</span> <span class='ocrx_word' id='word_1_262' title='bbox 816 3460 990 3544; x_wconf 68' lang='lat' dir='ltr'>suis-,boo</span> <span class='ocrx_word' id='word_1_263' title='bbox 1000 3481 1054 3520; x_wconf 70' lang='lat' dir='ltr'>sa·</span> <span class='ocrx_word' id='word_1_264' title='bbox 1081 3534 1087 3543; x_wconf 20' lang='lat' dir='ltr'>x</span> 
     </span>
    </p>
   </div>
   <div class='ocr_carea' id='block_1_9' title="bbox 0 0 1178 3818">
    <p class='ocr_par' dir='ltr' id='par_1_10' title="bbox 0 0 1178 3818">
     <span class='ocr_line' id='line_1_39' title="bbox 0 0 1178 3818; baseline 0 11"><span class='ocrx_word' id='word_1_265' title='bbox 0 0 1178 3818; x_wconf 95' lang='lat' dir='ltr'> </span> 
     </span>
    </p>
   </div>
  </div>
 </body>
</html>
