2356 3818
387 118 722 208 I,s-·11[13-1-16].
1016 127 1052 187 15

24 282 27 287 ¹
56 287 218 367 Valerius
236 287 398 357 insidente
415 287 528 371 galeae
546 309 638 351 sacra
654 287 731 351 alite
742 286 878 370 adiutae,
895 289 973 353 tulit
981 311 1052 375 spo-

46 373 118 454 lia3
131 379 163 434 et
176 369 252 433 inde
265 370 409 436 Corvini.
438 393 499 434 nec
514 393 580 434 non
595 381 703 435 tamen
719 383 793 457 post
809 372 852 437 ali
874 382 931 437 uot
948 395 1049 438 annos
1060 390 1090 442 21

56 455 169 522 omnis
182 451 335 601 relipuias
354 475 463 518 eorum
478 456 513 518 in
529 455 662 518 Etruria
680 453 723 518 ad
740 455 845 519 lacum
894 457 1054 521 adimonis

55 536 233 605 Dolabella
267 537 373 618 elevit,
384 540 508 685 netppis
521 546 647 601 extaret
658 560 700 601 ex
712 558 750 602 ea
761 549 866 624 gente,
880 541 935 626 qui
946 542 1054 605 incen-

32 643 158 688 ssama
170 643 206 684 se
217 621 398 685 Romanam
409 644 448 684 ur
472 643 522 685 em
532 621 736 705 gloriaretur.

275 755 387 820 VHII.
416 755 600 820 BELLVM
621 754 835 820 LATINVM.

75 908 78 917 ·
146 874 330 940 Conversus
341 895 361 937 a
373 873 478 939 Gallis
490 877 524 939 in
535 873 670 937 Latinos
682 873 805 940 Manlio
817 874 981 961 Torquato
992 877 1057 942 De·
1068 879 1108 947 14

56 963 109 1026 cio
116 958 209 1023 Mure
221 957 416 1039 consulibus,
429 980 555 1044 semper
567 958 696 1043 quidem
705 958 919 1024 aemulatione
931 961 1059 1046 imperii

55 1044 205 1123 infestos,
218 1052 287 1106 tum
298 1062 376 1106 vero
394 1051 578 1128 contemptu
587 1040 678 1106 urbis
693 1045 853 1125 incensae,
867 1066 939 1108 cum
950 1046 1000 1109 ius
1016 1047 1059 1109 ci-

20 1127 172 1194 acuitatis
188 1128 260 1211 pari
281 1127 415 1212 imperio
440 1135 471 1189 et
493 1128 684 1210 magistratu
700 1137 879 1213 poscerent,
904 1139 981 1215 aput
1000 1128 1060 1195 Oa·

56 1231 157 1298 puam
169 1209 300 1294 proeliis
313 1210 467 1293 congredi
478 1211 643 1275 audentes.
667 1233 730 1296 quo
742 1220 885 1297 tempore
903 1213 974 1298 quis
993 1230 1085 1278 ces-2

58 1296 142 1359 sisse
153 1293 277 1358 hostem
287 1292 481 1357 mirabitur?
494 1315 566 1357 oum
577 1293 659 1358 alter
670 1294 837 1359 consulum
848 1296 1059 1378 filiumsuum‚

58 1379 137 1477 <pria
147 1384 259 1441 contra
268 1377 438 1462 imperium
469 1386 657 1461 ugnaverat‚
676 1380 823 1464 quamvis
840 1381 996 1443 victorem
1007 1402 1058 1444 oc-

57 1461 177 1525 ciderit
185 1461 424 1546 ostenderitque
434 1399 506 1547 plus
522 1482 593 1525 esse
611 1462 645 1525 in
660 1463 795 1546 imperio
807 1483 902 1546 quam
911 1466 946 1525 in
956 1465 1056 1527 victo-
1070 1484 1085 1533 3

22 1543 218 1626 rsria3alter
229 1546 321 1630 quasi
331 1544 592 1610 monitudeorum
603 1546 708 1630 capite
719 1543 825 1609 velato
860 1547 973 1609 rimam
984 1556 1060 1610 ante

59 1629 165 1692 aciem
181 1628 230 1692 dis
247 1627 394 1692 manibus
414 1650 448 1692 se
467 1629 643 1710 devoverit,
662 1630 747 1692 utin
765 1567 1003 1694 consimissima
1023 1652 1058 1694 se

58 1711 200 1775 hostium
210 1711 275 1775 tela
285 1710 442 1777 iaculatus
454 1735 574 1778 novum
584 1713 627 1777 ad
636 1714 806 1777 victoriam
816 1715 879 1778 iter
891 1715 1059 1799 sanguinis

60 1796 111 1859 sui
121 1793 223 1860 limite
233 1794 382 1889 aperiret.

126 1930 142 1949 ²
214 1983 224 1998 i
319 1927 363 1995 X
391 1927 575 1993 BELLVM
591 1927 799 1994 SABINVM.

27 2070 54 2110 aa
104 2090 109 2098 -
140 2045 178 2111 ,A
187 2045 313 2109 Latinis
325 2022 499 2128 adgressus
512 2055 561 2109 est
572 2057 701 2129 gentem
714 2045 916 2127 Sabinorum,
936 2050 990 2133 qui
1002 2051 1109 2122 im-l‘)

61 2149 219 2194 memores
231 2129 337 2191 factae
348 2127 407 2191 sub
420 2128 494 2192 Tito
506 2129 600 2191 Tatio
611 2128 786 2194 adfinitatis
844 2130 938 2194 odam
951 2141 1058 2195 conta-

61 2213 118 2298 gio
134 2211 230 2277 bellis
252 2233 287 2274 se
303 2211 430 2276 Latinis
450 2211 693 2275 adiunoxerant.
723 2214 781 2277 scd
828 2215 899 2277 urio
914 2214 1087 2280 Dentaton

62 2295 195 2361 consule
207 2316 333 2359 omnem
345 2317 419 2358 eum
428 2304 574 2375 tractum,
595 2317 658 2396 (pua
668 2295 745 2377 Nar,
763 2300 857 2378 Anio,
878 2298 984 2363 fontes
997 2298 1060 2363 Ve-

62 2379 139 2462 lini,
161 2379 328 2445 Hadriano
345 2389 437 2443 tenus
454 2380 536 2443 mari
555 2381 627 2463 igm·
644 2380 794 2466 ferroque
809 2384 960 2446 vastavit.
998 2400 1088 2469 quaa

31 2485 56 2527 rs
64 2465 203 2529 uictoria
215 2471 339 2527 tantum
349 2463 522 2545 hominum,
539 2473 663 2528 tantum
674 2486 826 2549 agrorum
835 2466 1001 2531 redactum
1014 2476 1062 2530 est

62 2546 308 2635 inpotestatem,
322 2558 359 2613 ut
376 2551 411 2613 in
428 2559 500 2614 utro
511 2547 583 2634 plus
598 2558 683 2612 esset
694 2571 754 2613 nec
766 2553 834 2636 ipse
845 2560 955 2636 posset
966 2551 1060 2614 aesti-

63 2654 153 2698 mare
164 2632 220 2718 qui
230 2632 362 2697 vicerat.

269 2768 331 2834 XI.
361 2766 546 2834 BELLVM
567 2764 860 2831 SAMNITIOVM.

150 2885 304 2952 Precibus
321 2886 436 2950 deinde
449 2885 646 2971 Campaniae
662 2892 766 2949 motus
783 2904 849 2946 non
885 2902 921 2944 ro
940 2901 983 2959 se,
1002 2877 1110 2946 sedltl

33 2971 288 3056 aeospeciosius
294 2992 352 3056 pro
364 2972 458 3034 sociis
466 2968 625 3034 Samnitas
637 2968 772 3032 invadit.
786 2974 854 3030 erat
863 2904 978 3028 loedus
990 2983 1089 3033 cums

65 3055 212 3142 utrisque
228 3076 424 3141 percussum,
443 3053 501 3117 sed
517 3052 578 3119 hoc
597 3052 754 3138 Campani
772 3049 911 3113 sanctius
928 3055 959 3110 et
971 3047 1063 3132 prius

66 3140 209 3204 omnium
226 3160 355 3224 suorum
375 3137 537 3202 deditione
551 3138 716 3219 'fecerunt3
739 3136 786 3198 sic
804 3151 881 3214 ergo
898 3130 1063 3195 Romanus

65 3220 188 3287 bellum
199 3221 408 3287 Samniticum
418 3229 484 3284 tam
506 3244 582 3284 uam
593 3219 655 3284 sibi
667 3219 777 3304 gessit.
825 3216 828 3229 '
991 3258 994 3263 ·

151 3303 303 3371 Omnium
317 3328 383 3372 non
398 3304 493 3368 modo
521 3304 628 3385 taliae,
649 3303 706 3367 sed
724 3309 791 3366 toto
811 3297 889 3363 orbe
907 3307 1091 3385 terrarum3

35 3388 284 3474 upulcherrima
302 3389 497 3477 Campaniae
513 3387 611 3474 plaga
628 3395 688 3453 est.
716 3382 804 3451 uilul
812 3382 954 3447 mollius
969 3381 1094 3443 caenon
