2356 3818
280 196 284 202 ’
365 209 397 293 1,
413 210 697 302 40.41[111,5.6].
976 232 980 239 “
1012 224 1054 284 er

10 389 23 429 ἓ
53 375 228 459 Servilius,
251 379 399 464 quamvis¹
421 378 509 442 leves
531 386 562 442 et
582 380 715 464 fugaces
732 402 945 468 myoparonas
959 391 1054 471 gravi
1085 409 1089 425 ·

10 473 22 513 ¹
52 470 85 527 et
105 462 225 524 Martia
245 466 349 525 classe
377 463 535 544 turbaret,
565 485 631 527 non
651 466 819 528 incruenta
842 469 977 533 victoria
994 493 1054 545 ‚su-

10 558 21 595 t
48 554 154 632 perat.
186 545 244 608 sed
264 567 325 609 nec
344 547 432 627 mari
451 548 663 631 summouisse
683 558 865 632 contentus,
891 553 1077 623 validissi·5

10 642 18 679 Ξ
46 651 118 693 mas
140 627 238 694 urbes
255 648 364 693 eorum
378 639 411 693 et
426 629 551 714 diutina
565 631 685 717 praeda
700 631 914 717 abundantes,
935 637 1054 701 Phase-

10 712 107 777 elim
128 721 161 777 et
178 706 353 798 Olympum
375 714 491 778 evertit
512 714 641 779 Isauros
664 738 706 779 ue
724 717 827 801 ipsam
848 739 955 783 arcem
976 721 1053 785 Oili-

44 799 133 879 ciae,
156 796 243 860 unde
265 799 412 861 conscius
434 797 496 860 sibi
517 800 626 882 magni
644 738 767 863 laboris
782 801 919 866 Isaurici
936 824 1052 887 cogno·

43 901 123 944 men
136 880 310 944 adamavit.
333 901 398 945 non
408 881 481 944 ideo
496 890 604 944 tamen
618 891 666 946 tot
679 884 824 947 cladibus
841 885 951 950 domiti
965 891 1078 951 terrass

43 986 82 1028 se
112 965 277 1029 continere
313 973 505 1049 potuerunt3
547 965 605 1028 sed
638 975 680 1029 ut·
701 968 858 1053 quaedam
889 971 1050 1053 animalia,

42 1046 166 1134 quibus
190 1068 209 1109 a
232 1068 306 1111 uam
326 1056 508 1135 terramque
529 1049 692 1114 incolendi
715 1054 844 1134 gemina
862 1063 977 1116 natura
992 1063 1050 1138 est,

10 1130 110 1197 iosub
133 1131 204 1215 ipso
249 1132 327 1194 ostis
350 1154 481 1197 recessu
501 1133 693 1218 inpatientes
714 1135 775 1198 soli
795 1137 830 1200 in
850 1158 949 1222 aquas
975 1159 1050 1202 suas

42 1214 264 1296 resiluerunt,
294 1223 326 1279 et
355 1215 520 1301 aliquanto
552 1216 648 1280 latius
677 1239 772 1303 quam
802 1221 891 1305 prius
921 1220 1051 1286 Siciliae

43 1318 178 1385 quoque
205 1297 301 1364 litora
329 1308 362 1362 et
386 1299 595 1384 Campaniam
614 1310 757 1366 nostram
778 1299 884 1368 subito
908 1305 1050 1369 adventu

40 1391 169 1473 terrere
198 1383 379 1447 voluerunt.
417 1385 464 1449 sic
490 1383 579 1448 Cilix
607 1383 724 1468 dignus
754 1387 890 1458 victoria
916 1388 1074 1486 Pompei7

40 1467 140 1529 visus
166 1474 214 1530 est
239 1474 271 1531 et
295 1467 532 1532 Mithridaticae
556 1469 742 1551 provinciae
766 1470 871 1533 factus
897 1491 1048 1536 accesere.

10 1549 104 1613 eills
125 1549 304 1635 dispersam
323 1559 390 1614 toto
409 1552 491 1613 mari
508 1559 633 1637 pestem
654 1551 753 1615 semel
768 1561 800 1615 et
814 1554 848 1615 in
861 1562 1050 1638 perpetuum

41 1631 162 1697 volens
184 1636 373 1719 extinguere
397 1634 507 1700 divino
535 1634 674 1720 quodam
697 1645 851 1720 apparatu
875 1637 1048 1720 adgressus

42 1724 105 1794 est.
138 1716 255 1802 quippe
276 1740 349 1781 curn
369 1716 526 1782 classibus
543 1726 575 1782 et
589 1719 656 1781 suis
672 1728 703 1782 et
718 1720 891 1785 socialibus
907 1721 1074 1785 Rhodio-8

41 1822 118 1863 rum
138 1799 331 1883 abundaret,
352 1802 499 1888 pluribus
520 1802 636 1886 legatis
657 1811 753 1889 atque
773 1805 945 1889 praefectis
962 1814 1048 1868 utra·

41 1904 108 1971 que
130 1882 226 1948 Ponti
247 1895 280 1948 et
296 1884 419 1951 Oceani
439 1907 495 1950 ora
513 1887 689 1973 conplexus
707 1896 764 1950 est.
794 1887 919 1952 Gellius
940 1880 1073 1953 Tuscoe
1108 1938 1111 1944 .

10 1967 129 2037 amari
158 1969 331 2116 inpositus,
375 1969 499 2034 Plotius
536 1969 662 2053 Siculo,
700 1971 819 2036 Atilius
846 1972 1047 2055 Ligusticum
1157 2042 1160 2048 ι

42 2057 167 2135 sinum,
218 2055 385 2139 amponius
408 2054 570 2118 Gallicum
589 2054 724 2135 obsedit,
741 2053 922 2142 Torquatus
933 2055 1046 2118 Balea-

41 2140 163 2218 sicum,
193 2136 342 2201 Tiberius
362 2138 450 2202 Nero
466 2137 663 2202 Gaditanum
678 2138 810 2219 fretum,
832 2160 895 2224 qua
908 2141 1047 2223 primum

41 2222 143 2287 maris
169 2223 270 2284 nostri
294 2222 393 2284 limen
419 2223 573 2306 aperitur,
595 2220 755 2306 Libycum
776 2221 934 2285 Lentulus
961 2221 1045 2284 Mar-

43 2304 196 2386 cellinus,
214 2314 217 2321 '
234 2306 432 2391 Aegyptium
464 2305 597 2389 Pompei
631 2305 779 2385 iuvenes,
819 2305 1043 2369 Hadriaticum
1054 2319 1087 2370 10

10 2390 152 2455 avano
176 2387 360 2470 Terentius,
380 2389 547 2473 Aegaeum
570 2395 601 2452 et
627 2387 808 2451 Ponticum¹
825 2396 856 2452 et
886 2387 1045 2486 Pamphy·
1128 2434 1131 2439 .

41 2475 125 2539 lium
151 2472 315 2554 Metellus,
345 2473 524 2546 Asiaticum
552 2470 688 2556 Caepio,
718 2472 804 2556 ipsas
829 2471 1045 2557 Propontidos

42 2559 155 2622 fauces
180 2555 315 2620 Porcius
343 2556 423 2622 Cato
452 2558 498 2620 sic
525 2554 643 2619 obditis
671 2555 809 2618 navibus
834 2556 926 2641 quasi
950 2563 1045 2641 porta

42 2640 219 2707 obseravit.
255 2642 302 2704 sic
325 2663 385 2725 per
409 2641 511 2706 omnis
535 2640 683 2725 aequoris
705 2647 831 2724 portus,
864 2641 952 2703 sinus
958 2688 968 2720 ,
999 2639 1081 2702 la-ll
1108 2656 1112 2663 “

41 2723 168 2806 tebras,
184 2745 346 2806 recessus,
363 2725 598 2824 promunturia,
615 2723 714 2804 freta,
730 2723 936 2807 paeninsulas
953 2722 1043 2808 quid·

10 2807 139 2896 sequid
178 2809 333 2871 iratamm
360 2810 421 2871 luit
449 2807 587 2895 quadam
613 2806 766 2890 indagine
794 2807 954 2870 inclusum
984 2812 1041 2867 est.

43 2894 117 2978 ipse
143 2829 315 2977 Ibmpeim
336 2893 370 2955 in
393 2894 549 2976 originem
572 2890 757 2974 fontemque
777 2890 856 2954 belli
879 2889 1086 2968 Ciliciam312

42 2997 105 3040 nec
127 2975 235 3039 hostes
259 2976 477 3040 detractavere
500 2983 670 3037 certamen.
695 2995 760 3038 non
775 2996 817 3037 ex
829 2973 961 3052 fiducia,
984 2969 1042 3033 scd
1052 2974 1089 3026 13⁴

44 3060 124 3147 quia
143 3061 415 3144 oppressierant,
437 3060 508 3122 ausi
529 3056 737 3138 videbantur3
762 3057 820 3120 sed
836 3055 917 3118 nihil
936 3063 1044 3116 tamen

44 3141 199 3242 amplius,
218 3165 313 3230 quam
331 3153 367 3209 ut
383 3143 426 3206 ad
441 3144 579 3228 primum
594 3143 693 3204 ictum
709 3146 942 3204 concurrerent.
967 3157 1045 3201 mox

10 3225 103 3298 stubi
121 3227 471 3312 circumfusaundique
486 3234 590 3290 rostra
604 3225 768 3304 videmnt,
787 3222 920 3285 abiectis
936 3221 1044 3284 statim

43 3308 121 3375 telis
135 3312 296 3399 remisque
309 3310 425 3397 plausu
440 3310 581 3396 undiquc
594 3309 679 3393 pari,
697 3306 784 3392 quod
798 3304 1044 3393 supplicantium

44 3395 177 3481 signum
197 3394 273 3477 fuit,
296 3395 397 3458 vitam
412 3393 604 3478 petivemnt.
633 3412 698 3455 non
714 3389 860 3473 allatam
874 3390 1083 3454 incmontalt

43 3478 186 3544 victoria
201 3480 253 3543 usi
269 3489 419 3564 'umquam
438 3496 562 3559 sumus,
587 3476 644 3540 sed
660 3494 721 3537 nec
736 3473 876 3539 fideliori
890 3475 929 3536 in
940 3478 1045 3555 poste·
