2356 3818
339 261 343 269 ι
402 273 405 278 .
466 214 660 303 1,22[11‚6].
1010 223 1050 285 33

49 385 232 482 hastaeque
252 381 416 446 subiectus
434 383 559 447 invenit
576 392 761 467 emptorem.
791 385 894 450 voluit
908 386 1096 450 Annibalis

51 478 169 534 contra
178 466 298 530 unitari
315 464 466 529 fiduciam
479 465 679 552 subiecitque
691 471 890 550 argentarias
904 469 994 533 urbis
1005 481 1050 539 ta-

51 552 191 631 bernas,
205 570 266 612 nec
277 557 382 613 sector
392 551 544 614 inventus
557 560 614 632 est,
627 558 663 613 ut
674 552 757 613 scias
771 553 866 616 etiam
881 556 1051 638 praesagia

52 634 132 698 fatis
147 632 301 696 adfuisse.
516 680 518 684 μ

31 745 44 783 5
138 715 229 780 Nihil
245 725 352 778 actum
369 725 437 779 erat
454 725 544 780 tanta
562 718 695 797 virtute,
722 725 811 781 tanto
827 718 938 783 favore
954 721 1094 794 etiamro

54 803 199 881 deorum,
219 799 247 862 si
263 799 394 883 quidem
412 798 453 862 ab
467 799 626 885 Hispania
637 800 823 864 Hasdrubal
840 802 940 866 frater
950 804 1052 866 Anni-

54 883 139 948 balis
159 888 232 946 cum
249 884 393 945 exercitu
405 903 499 964 novo,
518 885 612 947 novis
623 884 757 965 viribus,
776 906 861 949 nova
879 884 957 949 belli
967 888 1051 955 mole

54 965 218 1031 veniebat.
237 973 345 1034 actum
356 976 424 1028 erat
435 965 547 1050 procul
559 966 666 1048 dubio,
683 969 711 1030 si
722 970 774 1031 vir
785 968 840 1032 ille
858 991 893 1032 se
905 991 977 1032 cum
986 969 1049 1033 fra·
1059 984 1093 1033 50

54 1063 105 1114 tre
115 1049 285 1113 iunxisset.
309 1057 357 1111 set
368 1048 453 1111 hunc
465 1072 600 1137 quoque,
617 1051 839 1137 tantumquod
850 1051 891 1115 ab
903 1052 986 1137 Alpe
998 1053 1051 1116 de·

24 1157 47 1199 10
57 1131 243 1212 scanderat,
272 1140 349 1216 aput
369 1131 552 1197 Metaurum
578 1144 875 1198 castrametantem
897 1136 1051 1201 Claudius

55 1216 143 1281 Nero
163 1236 236 1279 cum
252 1215 347 1279 Livio
367 1213 546 1280 Salinatore
564 1217 714 1281 debellat.
748 1218 833 1283 Nero
855 1220 889 1282 in
905 1219 1089 1300 ultimumar

55 1299 171 1365 Italiae
190 1298 344 1382 angulum
362 1310 578 1364 summoverat
595 1301 799 1384 Annibalem,
822 1302 936 1368 Livius
953 1304 988 1365 in
1005 1301 1051 1366 di-

55 1383 279 1447 versissimam
290 1391 423 1466 partem,
436 1383 471 1446 id
482 1385 575 1447 estin
585 1385 672 1529 ipsas
683 1388 844 1449 nascentis
855 1385 969 1450 Italiae
983 1385 1052 1448 fau·

56 1489 115 1531 ces·
124 1468 219 1549 signa
230 1475 443 1529 converterat.
466 1469 590 1547 tanto,i
624 1475 672 1531 est
683 1469 778 1550 omni,
790 1490 853 1555 qua
863 1469 917 1533 lon
943 1469 1092 1549 'ssimaoa

28 1571 49 1613 15
58 1559 109 1614 est
120 1548 225 1629 Italia,
246 1548 313 1612 solo
332 1550 550 1631 interiacente,
570 1571 632 1635 quo
649 1551 794 1631 consilio,
814 1573 925 1637 quace
940 1552 1052 1614 oritate

56 1632 206 1702 consules
229 1641 335 1695 castra
360 1633 617 1714 coniuncxerint,
647 1634 699 1696 ino
723 1635 907 1720 inatumque
929 1633 1053 1697 hostem

56 1715 196 1782 conlatis
208 1716 312 1799 signis
324 1718 551 1800 oppresserint,
569 1738 673 1802 neque
689 1656 725 1780 id
741 1716 812 1781 fieri
826 1715 974 1780 Annibal·
983 1738 1052 1780 sen-

57 1801 144 1881 serit,
165 1799 297 1865 difficile
315 1799 404 1864 dictu
420 1809 478 1863 est.
519 1810 604 1864 certe
621 1800 764 1864 Annibal
780 1824 815 1866 re
832 1802 961 1887 cognita
977 1811 1091 1863 cumba

10 1908 18 1921 ·
56 1884 238 1969 proiectum
249 1883 359 1947 fratris
371 1893 467 1968 caput
484 1885 526 1948 ad
538 1906 596 1947 sua
607 1893 712 1947 castra
722 1885 868 1967 vidisset,
887 1888 1052 1969 ‘agnosco’
1133 1914 1134 1917 ¹

10 1967 161 2053 ·ainquit
185 1965 421 2043 ‘infelicitatem
440 1967 669 2052 Carthaginis?
698 1967 778 2032 haec
797 1968 860 2032 suit
881 1968 968 2034 illius
990 1967 1053 2030 viri

54 2051 207 2197 ponsine
229 2051 401 2134 praesagio
421 2051 560 2136 quodam
576 2052 637 2116 fati
653 2053 839 2116 inminentis
860 2054 965 2137 prima
980 2062 1053 2114 con*

68 2155 165 2198 essm.

137 2216 208 2280 Iam
229 2225 352 2278 certum
372 2224 441 2279 erat
463 2216 658 2281 Annibalem
683 2218 780 2280 etiam
801 2219 904 2300 ipsius
926 2215 1095 2284 confes-54

55 2301 144 2366 sione
155 2321 251 2384 posse
262 2298 366 2379 vinci,
379 2297 438 2362 sod
447 2307 495 2362 tot
503 2320 612 2362 rerum
621 2320 847 2384 prosperarum
858 2299 976 2362 fiducia
985 2297 1052 2382 ple-

29 2381 115 2448 ²5uus
138 2381 278 2468 populus
299 2381 464 2446 Romanus
485 2403 537 2444 ma
585 2383 592 2396 ’
615 2381 819 2462 aestimabat,
841 2382 1053 2466 asperrimum

54 2467 180 2532 hostem
198 2467 232 2529 in
250 2487 308 2528 sua
318 2464 432 2528 Africa
448 2464 543 2529 debel
557 2487 621 2530 are.
649 2466 730 2532 duce
746 2464 845 2547 igitur
857 2463 1006 2563 Scipione
1016 2466 1052 2529 in
1060 2485 1093 2535 55

54 2552 160 2636 ipsam
170 2549 317 2615 Africam
332 2549 493 2614 totamolc
504 2571 679 2614 conversus
697 2548 816 2611 imitari
834 2558 939 2633 coeplt
950 2549 1051 2611 Anni-

54 2633 162 2697 balem
179 2643 211 2696 et
227 2632 342 2696 Italiac
356 2654 437 2697 suae
456 2632 565 2696 clades
582 2634 616 2696 in
632 2630 747 2701 Africa
764 2632 941 2697 vindicare.
971 2653 1051 2717 quas
1060 2654 1094 2714 oo

55 2715 120 2798 ille,
139 2715 185 2779 dii
202 2716 289 2798 boni,
307 2715 525 2780 Hasdrubalis
543 2714 651 2799 copias
669 2714 764 2795 fudit,
791 2736 870 2800 quos
893 2713 1051 2814 Syphacis

28 2798 222 2864 aNumidici
243 2801 331 2884 regis
354 2800 529 2885 equitatus!
569 2818 651 2882 quae
678 2806 797 2883 quanta
819 2821 860 2862 ue
884 2808 1051 2883 utriusque

10 2946 13 2955 ,
55 2883 171 2949 classis
184 2894 289 2947 castra
301 2883 427 2947 facibus
445 2881 553 2946 inlatis
571 2901 637 2943 una
652 2890 745 2963 nocte
757 2821 893 2945 dellevitl
912 2881 1050 2963 denique

55 2968 120 3031 iam
131 2988 229 3031 nona
239 2967 333 3031 tertio
346 2966 463 3052 lapide,
481 2964 539 3027 sed
550 2965 638 3048 ipsas
653 2963 858 3049 Carthaginis
869 2971 979 3048 portas
995 2959 1049 3024 ob·

58 3050 183 3124 sidione
199 3049 373 3137 quatiebat.
404 3052 451 3112 sic
466 3049 587 3112 factum
603 3056 640 3111 ut
658 3048 878 3111 inhaerentem
895 3054 991 3130 atque
1002 3044 1049 3106 in·
1059 3060 1091 3110 57

58 3133 229 3198 cubantem
240 3132 354 3196 Italiae
367 3124 571 3218 extorqueret
581 3131 786 3208 Annibalem.
796 3151 867 3201 non
878 3129 940 3191 fuit
950 3129 1052 3192 maior
1062 3142 1095 3192 58

30 3234 52 3282 ts
63 3216 120 3283 sub
132 3218 268 3302 imperio
279 3215 422 3280 Romano
434 3216 502 3280 dies
514 3236 610 3300 quam
620 3214 684 3297 ille,
702 3236 775 3278 cum
789 3214 852 3277 duo
863 3210 1004 3276 omnium
1018 3220 1051 3274 ct

58 3311 152 3366 antea
163 3311 196 3365 et
205 3309 318 3385 postea
329 3298 446 3363 ducum
455 3298 594 3362 maxime
606 3298 712 3378 duces,
725 3296 780 3361 ille
794 3295 917 3383 Italiae,
930 3295 982 3358 hic
993 3295 1050 3357 Hi-

29 3384 37 3394 ”
60 3386 190 3471 spaniae
202 3386 314 3463 victor,
326 3381 462 3448 conlatis
474 3382 649 3447 comminus
667 3382 695 3444 si
740 3381 768 3442 is
780 3380 927 3443 direxere
938 3380 1049 3443 aciem.
1157 3404 1172 3425 s

59 3468 116 3534 sed
129 3477 162 3532 et
171 3466 375 3556 conloquium
385 3465 448 3533 fuit
457 3466 541 3530 iuter
550 3466 638 3551 ipsos
651 3463 691 3530 de
715 3463 828 3550 egibus
839 3465 934 3604 pocqsss
947 3471 1056 3524 etsta-

92 3574 210 3616 suoavs.
846 3567 851 3576 ·
