2356 3818
371 211 781 304 II,16-18[1111,6-8].
1032 221 1073 284 93

78 379 188 460 deret,
220 377 336 463 quibus
366 380 439 464 eapi
464 378 658 462 inminebat,
691 388 727 444 ut
757 381 878 445 faetrm
908 390 967 447 est.
1004 385 1073 447 aeie
1086 396 1117 447 10

78 482 222 547 namque
250 463 421 525 commissa
448 483 520 525 eum
540 460 613 548 pari
632 464 748 527 ardore
773 464 962 549 aliquandiu
982 465 1073 533 dimi·

79 552 192 609 catum
211 543 310 626 foret,
332 547 479 630 quamvis
500 545 598 610 duees
619 546 695 610 inde
733 555 898 612 raesentes
914 547 1073 630 adessent,

78 627 159 693 bine
182 626 317 690 alterum
338 628 481 713 eorporis
499 628 682 712 aegritudo,
704 569 797 693 dlum
814 639 917 694 metus
935 640 967 698 et
984 633 1073 716 igna-

56 710 137 780 svia
166 709 411 791 subduxissent,
442 709 548 776 stabat
573 719 681 776 tamen
707 734 766 797 pro
787 712 932 797 partibus
953 714 1075 778 invicta

78 793 212 857 fortuna
248 800 280 856 et
312 793 426 857 ultoris
460 802 492 857 et
526 795 580 879 qui
614 794 859 877 vindicabatur,
893 804 930 861 ut
967 796 1073 863 exitus

76 874 196 966 proelii
207 874 324 940 docuit.
337 878 475 961 primum
485 876 567 941 adeo
577 899 696 965 anceps
708 878 778 960 suit,
795 887 831 943 ut
841 915 883 930 —-
893 900 952 964 par
963 881 1074 943 utrim-

101 980 143 1022 ue
162 958 336 1022 discrimen
347 996 390 1011 —-
407 981 445 1022 oa
467 968 501 1022 ta
521 961 585 1038 sint
605 961 681 1024 hine
699 961 849 1026 Caesaris
863 970 977 1026 eastra
997 962 1073 1025 inde
1085 975 1114 1025 ll

77 981 186 1109 desei.
210 1063 250 1105 en
272 1049 391 1127 quanto
412 981 575 1107 efleaeior
596 1052 646 1106 est
667 1043 811 1125 fortuna,
835 1066 930 1129 quam
951 1046 1072 1109 virtusl

44 1152 68 1195 ιο
77 1132 112 1190 et
142 1146 238 1210 quam
264 1147 378 1188 verum
408 1134 471 1206 est,
507 1125 594 1212 quod
619 1128 760 1190 moriens
786 1128 907 1191 Brutus
940 1127 1072 1208 efflauit,

75 1228 146 1273 non
162 1208 197 1269 in
213 1229 264 1289 re,
290 1206 349 1271 sed
370 1208 404 1270 in
425 1208 526 1273 verbo
545 1216 671 1273 tantum
693 1231 765 1273 esse
782 1212 951 1274 virtutem:
973 1212 1072 1278 vietu-

74 1292 162 1355 riam
181 1289 231 1353 illi
252 1291 375 1376 proelio
398 1313 505 1356 errore
523 1291 621 1359 dedit.
651 1292 784 1357 Cassius
803 1293 955 1357 inclinato
973 1315 1073 1358 eornu
1085 1308 1116 1362 12

76 1394 212 1438 suorum
242 1394 315 1436 eum
345 1376 448 1459 captis
479 1374 628 1439 Caesaris
660 1377 774 1438 eastris
805 1398 843 1438 ra
865 1377 918 1440 ido
952 1378 1074 1465 impetu

75 1457 270 1554 recipientes
293 1479 328 1520 se
350 1458 473 1544 equites
494 1457 636 1539 videret,
668 1457 783 1541 fugere
804 1399 978 1522 arbitratus
1000 1480 1073 1522 eva·

44 1560 65 1600 a
76 1538 128 1605 dit
148 1560 184 1602 m
207 1539 374 1603 tumulum.
397 1539 473 1603 inde
490 1539 624 1624 pulvere
645 1549 676 1604 et
694 1542 844 1624 strepitu,
868 1541 964 1605 etiam
980 1549 1074 1604 noete
1085 1556 1117 1605 13

74 1622 188 1686 vieina
205 1622 421 1687 eximentibus
438 1632 549 1706 gestae
567 1624 617 1687 rei
636 1645 780 1704 sensum,
803 1645 875 1687 oum
893 1623 1074 1708 speculator

100 1726 206 1791 uoque
234 1706 270 1769 in
296 1705 332 1769 id
358 1707 476 1769 missus
503 1706 628 1770 tardius
658 1707 840 1788 nuntiaret,
876 1714 1092 1771 transactum

46 1727 120 1856 ‚de
149 1787 295 1874 partibus
322 1796 410 1852 ratus
431 1789 489 1852 uni
510 1811 553 1853 ex
593 1791 727 1853 roximis
751 1787 964 1866 auferendum
977 1810 1073 1888 prae·

75 1870 151 1959 buit
169 1879 275 1955 eaput.
298 1870 419 1935 Brutus
431 1873 547 1935 eumin
570 1811 684 1936 dessio
708 1873 804 1937 etiam
826 1893 918 1937 suum
933 1894 1073 1937 ammmn
1083 1886 1116 1936 14

44 1973 66 2014 to
74 1953 289 2041 perdidisset,
310 1976 351 2017 ne
374 1955 452 2040 qnid
474 1977 517 2022 ex
539 1957 704 2023 constituti
720 1955 785 2023 fide
802 1958 992 2040 resignaret,
1016 1956 1075 2041 (ita

76 2039 183 2119 enim,
211 2057 277 2101 non
305 2057 473 2122 superesse
494 2037 596 2120 bello,
626 2038 834 2122 convenerat)
856 2040 867 2102 i
891 2061 925 2102 so
949 2060 1075 2124 quoque

74 2121 136 2185 uni
169 2121 322 2185 comitum
355 2141 485 2184 suorum
519 2121 768 2185 confodiendum
800 2062 950 2205 praebuit
979 2120 1074 2184 latus.

76 2203 151 2289 quis
179 2204 434 2287 ¹sapientissimos
461 2223 500 2266 ae
525 2203 718 2271 fortissimos
740 2204 829 2267 viros
854 2224 919 2266 non
940 2204 1074 2267 miretur
1084 2222 1116 2272 15

74 2286 120 2361 ad
134 2285 288 2351 'ultimum
309 2307 375 2351 non
398 2289 464 2349 suis
489 2286 637 2350 manibus
659 2285 760 2349 usos?
781 2286 847 2348 nisi
868 2284 929 2349 hoe
947 2305 1074 2371 quoque

44 2390 123 2433 nex
147 2370 355 2455 persuasione
384 2377 490 2433 sectae
511 2369 589 2450 fuit,
616 2391 656 2432 ne
676 2368 838 2431 violarent
858 2387 986 2448 manus,
1016 2367 1075 2435 sed

74 2454 112 2517 in
135 2451 320 2517 amolitione
336 2453 583 2516 fortissimarum
599 2452 880 2537 piissimarumque
895 2451 1074 2518 animarum

74 2534 198 2605 iudicio
219 2556 292 2618 suo,
316 2535 437 2600 seelera
460 2535 565 2600 alieno
587 2542 763 2600 uterentur.
832 2578 835 2582 »

140 2664 267 2730 XVIII,
301 2666 484 2731 BELLVM
506 2666 601 2731 CVM
622 2664 769 2731 SEXTO
788 2665 1001 2734 POMPEIO.

163 2781 305 2851 Sublatis
349 2782 569 2849 eroussoribus
584 2783 734 2849 Caesaris
751 2794 917 2871 supererat
927 2784 1021 2849 Pom·
1048 2790 1142 2869 1111,8

44 2894 68 2935 to
101 2867 134 2932 ei
151 2864 275 2931 domus.
299 2805 381 2931 aller
400 2868 554 2930 iuvenum
568 2868 603 2929 in
624 2866 785 2954 Hispania
801 2869 977 2947 oeeiderat,
992 2867 1075 2931 alter
1146 2854 1154 2876 ¹

114 2970 158 3033 ga
190 2959 336 3013 evaserat
369 2951 604 3036 contractisque
635 2950 774 3015 infelieis
807 2950 885 3015 belli
919 2947 1074 3033 reliquiis,

75 3054 153 3097 eum
176 3032 250 3095 insu
274 3055 308 3096 er
330 3033 492 3116 ergastula
514 3040 685 3113 armasset,
712 3033 855 3098 Siciliam
880 3031 1074 3097 Sardiniam-

76 3136 142 3203 que
163 3055 319 3198 habebar
352 3117 417 3179 iam
446 3125 478 3179 et
505 3116 609 3180 classe
631 3117 772 3180 medium
793 3137 881 3181 mare
901 3114 1074 3178 insederat.

76 3220 97 3264 o
121 3219 218 3283 quam
236 3198 384 3263 diversus
403 3201 545 3284 epatre!
568 3199 623 3263 ille
642 3197 760 3263 Cilicas
783 3200 999 3279 extinexerat,
1022 3197 1101 3262 hies

44 3303 115 3348 use
136 3282 274 3366 piratica
299 3280 460 3345 tuebatur.
494 3281 662 3362 Puteolos,
684 3281 846 3363 Formias,
870 3280 1074 3362 Vulturnum,

74 3373 179 3430 totam
197 3364 335 3451 denique
357 3363 583 3448 Campaniam,
602 3364 737 3428 Pontias
754 3373 786 3427 et
801 3364 991 3444 Aenariam,
1005 3364 1077 3449 ipsa

78 3446 228 3512 Tiberini
249 3447 389 3511 fluminis
412 3468 468 3510 ora
489 3447 662 3532 populatus
686 3455 745 3511 est.
773 3445 909 3513 subinde
927 3466 1076 3530 congres-
