2348 3818
115 205 161 292 82Ι
468 210 753 283 rnomnmrona

113 365 299 454 provincias
322 384 418 449 quam
437 352 667 447 ipsum'scqui.
701 359 844 426 Siciliam
866 370 899 426 et
920 350 1115 443 Sardiniam?

76 467 109 518 23
118 470 265 515 annonae
296 447 447 543 pignera,
479 467 538 531 per
567 445 692 529 legatos
725 443 833 508 habet.
887 444 971 508 nihil
998 443 1098 510 hostile

117 543 186 598 erat
205 534 240 596 in
261 528 385 610 Gallia3
412 549 527 615 pacem
544 529 614 614 ipse
635 527 767 590 fecerat.
813 527 871 591 sed
897 527 941 591 ad
960 526 1096 612 Hispani

114 638 210 680 enses
231 613 366 697 Pompei
387 612 548 675 exercitus
567 611 748 673 transeunti
767 630 825 695 per
847 632 919 675 eam
947 610 1023 674 duci
1039 600 1115 697 pori

115 709 166 763 tas
183 697 334 763 claudere
354 716 434 758 ausa
454 693 602 756 Massilia
623 700 681 756 est.
710 694 830 756 misera
851 693 929 759 dum
950 695 1038 778 cupit
1053 672 1115 778 pel

117 803 202 862 cem,
224 779 303 845 belli
323 787 410 841 metu
432 778 466 839 in
487 774 609 840 bellum
627 776 758 859 incidit3
780 776 839 841 sed
860 778 937 862 quia
957 785 1027 840 tuta
1043 794 1094 839 mu·

74 884 107 934 24
117 866 162 928 ris
184 872 268 944 erat,
296 862 385 925 vinci
406 882 477 925 eam
498 857 561 922 sibi
590 859 685 922 iussit
703 859 844 923 absenti.
888 858 1048 924 Graecula
1062 857 1093 921 ri

116 949 201 1011 vitas
229 967 295 1010 non
320 965 379 1029 pro
399 941 537 1008 mollitia
555 942 693 1006 nominis
717 951 749 1006 et
769 942 892 1007 vallum
912 947 1094 1028 rumpereet

95 1030 290 1094 incendere
323 1026 488 1091 machinas
517 1045 611 1105 ausa,
646 1027 742 1088 etiam
770 1027 927 1111 congredi
959 1025 1094 1101 navibus3

74 1137 107 1184 25
118 1115 176 1177 sed
195 1112 333 1191 Brutus,
362 1109 415 1173 cui
434 1108 622 1172 mandatum
642 1117 711 1171 erat
731 1106 868 1192 bellum,
900 1111 1006 1173 victos
1025 1096 1115 1172 cml

117 1196 262 1279 marique
282 1192 474 1277 perdomuit.
511 1213 588 1254 mox
608 1190 800 1255 dedentibus
823 1213 858 1254 se
879 1194 988 1258 omnia
1007 1190 1096 1256 ablat

118 1284 247 1362 praeter
274 1297 370 1362 quam
390 1277 548 1359 potiorem
569 1274 717 1338 omnibus
738 1273 901 1339 habebant
922 1275 1115 1361 libertatern·

76 1372 110 1422 ‘26
201 1360 332 1443 Anceps
357 1359 484 1421 varium
505 1377 546 1419 ue
573 1357 631 1421 sed
660 1358 863 1421 incruentum
895 1360 930 1421 in
956 1355 1096 1442 Hispanis

119 1442 241 1507 bellum
262 1463 335 1505 cum
355 1441 470 1525 legatis
523 1441 578 1503 nei
595 1439 744 1525 Pompei,
766 1440 894 1508 Petreio
917 1451 950 1505 et
967 1439 1112 1517 Afranio,-

119 1549 199 1626 quos
209 1524 337 1588 Ilerdae
358 1533 464 1587 castra
485 1522 641 1586 habentes
662 1532 740 1608 aput
758 1521 894 1588 Sicorim
915 1545 1041 1588 amnem
1054 1518 1115 1587 obl

76 1628 107 1675 27
119 1611 225 1674 ardere
247 1617 279 1671 et
302 1606 344 1671 ab
366 1607 484 1692 oppido
505 1605 721 1684 intercludere
742 1606 944 1691 adgreditur.
988 1605 1097 1671 interim

119 1692 294 1758 abundatio
313 1692 408 1754 verni
427 1688 568 1752 fluminis
589 1688 819 1754 commeatibus
839 1689 1046 1775 prohibebat:
1063 1686 1097 1749 sic

119 1776 205 1838 fame
227 1783 334 1838 castra
352 1781 507 1856 temptata
529 1780 612 1852 sunt,
634 1771 848 1857 obsessorque
863 1775 933 1858 ipse
955 1766 1110 1859 quasiob-

77 1857 296 1920 recidebatur.
346 1855 404 1918 sed
430 1854 487 1917 ubi
514 1874 581 1938 pax
600 1854 741 1918 fluminis
762 1855 875 1938 rediit,
903 1852 1097 1942 population't

119 1940 180 2002 bus
201 1948 234 2002 et
251 1958 379 2023 pugnae
402 1958 531 2020 campos
553 1938 692 2020 aperuit,
714 1939 831 2002 iterum
848 1938 944 2003 ferox
963 1941 1058 2003 instat
1073 1924 1115 1997 at

121 2022 271 2085 cedentes
294 2020 337 2084 ad
352 2019 561 2084 Celtiberiam
575 2029 764 2084 consecutus
782 2042 902 2105 aggere
925 2032 958 2086 et
977 2021 1099 2086 valloet

77 2128 111 2179 29
120 2127 179 2192 per
199 2104 279 2168 haec
301 2104 355 2167 siti
376 2102 419 2166 ad
438 2101 635 2166 deditionem
656 2103 809 2188 conpulit.
839 2107 887 2168 sic
908 2107 1039 2170 citerior
1055 2100 1098 2167 Hi·

121 2189 235 2275 spania
260 2194 404 2272 recepta·
417 2193 480 2266 est,
508 2206 570 2249 nec
597 2185 731 2251 ulterior
757 2208 880 2251 moram
906 2188 997 2253 fecit.
1039 2180 1100 2274 quid

120 2274 207 2337 euim
224 2292 290 2335 una
352 2278 382 2333 st
404 2270 544 2355 quinque
564 2268 733 2352 legiones?
755 2272 863 2356 itaque
879 2268 967 2336 ultro
985 2271 1114 2343 cedma

119 2356 267 2421 Varrone
327 2353 421 2434 ades,
450 2351 582 2434 fretum,
610 2352 773 2436 Oceanus,
803 2355 910 2418 omnia
929 2354 1115 2419 felicitatem¹

122 2437 272 2502 Caesaris
295 2435 522 2521 sequebantur.

78 2531 112 2581 30
204 2517 341 2604 Aliquid
368 2526 477 2581 tamen
506 2518 663 2581 adversus
695 2517 862 2583 absentem
894 2520 1012 2585 ducem
1039 2532 1102 2583 anst

120 2601 266 2664 Fortuna
295 2609 344 2663 cst
371 2601 458 2663 circa
477 2596 644 2685 Illyricam
673 2611 705 2664 et
722 2601 869 2666 Africam
894 2625 1000 2686 oram,
1028 2597 1102 2701 quui

81 2702 111 2753 31
123 2684 164 2748 de
184 2682 344 2749 industria
383 2703 516 2768 rospera
537 2684 605 2747 eius
627 2683 773 2767 adversis
794 2686 948 2750 radiaret.
1002 2700 1103 2773 quippe

120 2790 194 2833 cum
214 2766 325 2830 fauces
379 2765 484 2830 driani
505 2767 602 2830 maris
621 2768 703 2830 iussi
724 2789 881 2854 occupare
896 2767 1069 2834 Dolabella
1078 2770 1115 2829 etl

118 2852 291 2933 Antonius,
313 2848 368 2913 ille
389 2848 537 2934 Illyrico,
559 2849 613 2914 hic
634 2848 796 2916 Curictico
816 2851 911 2916 litore
934 2862 1102 2997 casmqr

120 2936 269 3015 suissent,
287 2933 359 2996 'iam
379 2933 482 2995 maria
501 2932 565 2996 late
586 2942 717 2997 tenente
736 2934 900 3020 Pompeio,
921 2944 1057 3022 repente
1079 2950 1103 2995 e

119 3027 215 3101 gatus
245 3018 314 3081 eius
336 3014 490 3080 Octavius
511 3016 595 3079 Libo
623 3016 809 3099 ingentibus
839 3021 942 3104 copiis
968 3018 1104 3083 claudor

78 3120 193 3170 aarum
212 3109 382 3185 utrumque
400 3098 623 3162 'circumvenit
668 3098 864 3165 deditionem
885 3102 990 3167 fames
1013 3109 1105 3167 onor

123 3182 165 3244 sit
183 3183 343 3271 Antonio.
359 3185 477 3246 missae
498 3201 624 3279 quoque
645 3201 666 3242 a
687 3180 798 3247 Basilo
816 3186 850 3249 in
870 3186 1032 3251 auxilium
1047 3184 1115 3249 einr

122 3272 223 3343 rates,
245 3264 356 3350 quales
378 3266 487 3350 inopia
508 3283 640 3326 navrum
660 3263 819 3349 fecerant,
841 3288 928 3334 nova
950 3266 1107 3369 Pompei*

121 3365 235 3407 norum
261 3356 329 3411 arte
360 3345 498 3410 Cilicum
531 3345 611 3409 actis
639 3346 699 3411 sub
727 3353 808 3415 mari
842 3351 976 3417 funibus
1009 3358 1109 3439 captat

79 3426 215 3514 aequasi
240 3449 299 3512 per
324 3428 520 3512 indaginem.
571 3428 651 3494 duas
676 3439 783 3498 tamen
816 3444 924 3501 aestus
952 3434 1107 3523 explicuit
