<?xml version="1.0" encoding="UTF-8"?>
<!DOCTYPE html PUBLIC "-//W3C//DTD XHTML 1.0 Transitional//EN"
    "http://www.w3.org/TR/xhtml1/DTD/xhtml1-transitional.dtd">
<html xmlns="http://www.w3.org/1999/xhtml" xml:lang="en" lang="en">
 <head>
  <title>
</title>
<meta http-equiv="Content-Type" content="text/html;charset=utf-8" />
  <meta name='ocr-system' content='tesseract 3.04.00' />
  <meta name='ocr-capabilities' content='ocr_page ocr_carea ocr_par ocr_line ocrx_word'/>
</head>
<body>
  <div class='ocr_page' id='page_1' title='image "./iulifloriepitom00halmgoog_0181.png"; bbox 0 0 2356 3818; ppageno 0'>
   <div class='ocr_carea' id='block_1_1' title="bbox 146 213 776 302">
    <p class='ocr_par' dir='ltr' id='par_1_1' title="bbox 146 213 776 302">
     <span class='ocr_line' id='line_1_1' title="bbox 146 213 776 302; baseline -0.005 -28"><span class='ocrx_word' id='word_1_1' title='bbox 146 213 182 274; x_wconf 84' lang='grc'>16</span> <span class='ocrx_word' id='word_1_2' title='bbox 381 250 390 273; x_wconf 62' lang='lat'>,</span> <span class='ocrx_word' id='word_1_3' title='bbox 522 222 776 302; x_wconf 69' lang='lat' dir='ltr'>aversurum</span> 
     </span>
    </p>
   </div>
   <div class='ocr_carea' id='block_1_2' title="bbox 141 374 1139 627">
    <p class='ocr_par' dir='ltr' id='par_1_2' title="bbox 141 374 1139 627">
     <span class='ocr_line' id='line_1_2' title="bbox 141 374 1139 461; baseline -0.003 -20"><span class='ocrx_word' id='word_1_4' title='bbox 141 398 228 441; x_wconf 92' lang='lat' dir='ltr'>mum</span> <span class='ocrx_word' id='word_1_5' title='bbox 250 395 381 438; x_wconf 91' lang='lat' dir='ltr'>censum</span> <span class='ocrx_word' id='word_1_6' title='bbox 400 375 477 459; x_wconf 87' lang='lat' dir='ltr'>egit.</span> <span class='ocrx_word' id='word_1_7' title='bbox 527 375 658 440; x_wconf 79' lang='lat' dir='ltr'>Priscus</span> <span class='ocrx_word' id='word_1_8' title='bbox 680 374 891 461; x_wconf 79' lang='lat' dir='ltr'>Tarquinius,</span> <span class='ocrx_word' id='word_1_9' title='bbox 920 375 977 460; x_wconf 92' lang='lat' dir='ltr'>qui</span> <span class='ocrx_word' id='word_1_10' title='bbox 1005 375 1139 460; x_wconf 87' lang='lat' dir='ltr'>insigni·</span> 
     </span>
     <span class='ocr_line' id='line_1_3' title="bbox 141 455 1139 545; baseline -0.001 -21"><span class='ocrx_word' id='word_1_11' title='bbox 141 459 202 524; x_wconf 93' lang='lat' dir='ltr'>bus</span> <span class='ocrx_word' id='word_1_12' title='bbox 221 459 427 542; x_wconf 76' lang='lat' dir='ltr'>magistratus</span> <span class='ocrx_word' id='word_1_13' title='bbox 443 458 623 523; x_wconf 85' lang='lat' dir='ltr'>adornavit.</span> <span class='ocrx_word' id='word_1_14' title='bbox 668 457 863 543; x_wconf 86' lang='lat' dir='ltr'>Tarquinius</span> <span class='ocrx_word' id='word_1_15' title='bbox 880 455 1068 542; x_wconf 85' lang='lat' dir='ltr'>Superbus,</span> <span class='ocrx_word' id='word_1_16' title='bbox 1089 460 1139 545; x_wconf 88' lang='lat' dir='ltr'>qui</span> 
     </span>
     <span class='ocr_line' id='line_1_4' title="bbox 142 540 869 627; baseline -0.003 -21"><span class='ocrx_word' id='word_1_17' title='bbox 142 543 183 606; x_wconf 93' lang='lat' dir='ltr'>ob</span> <span class='ocrx_word' id='word_1_18' title='bbox 204 543 336 606; x_wconf 84' lang='lat' dir='ltr'>nimiam</span> <span class='ocrx_word' id='word_1_19' title='bbox 357 540 540 627; x_wconf 87' lang='lat' dir='ltr'>superbiam</span> <span class='ocrx_word' id='word_1_20' title='bbox 557 562 658 627; x_wconf 88' lang='lat' dir='ltr'>regno</span> <span class='ocrx_word' id='word_1_21' title='bbox 675 541 787 627; x_wconf 89' lang='lat' dir='ltr'>pulsus</span> <span class='ocrx_word' id='word_1_22' title='bbox 809 550 869 605; x_wconf 94' lang='grc' dir='ltr'>θεῖ.</span> 
     </span>
    </p>
   </div>
   <div class='ocr_carea' id='block_1_3' title="bbox 240 726 1155 892">
    <p class='ocr_par' dir='ltr' id='par_1_3' title="bbox 240 726 1155 892">
     <span class='ocr_line' id='line_1_5' title="bbox 240 726 1028 892; baseline -0.003 -99"><span class='ocrx_word' id='word_1_23' title='bbox 240 729 367 797; x_wconf 78' lang='grc' dir='ltr'>ΧἮΠ,</span> <span class='ocrx_word' id='word_1_24' title='bbox 421 726 853 892; x_wconf 48' lang='grc' dir='ltr'>ΟΒΑΒΙΞὶΠῖΗΠνΜΒνΟΕὸ</span> <span class='ocrx_word' id='word_1_25' title='bbox 884 727 1028 792; x_wconf 87' lang='lat' dir='ltr'>ROMA-</span> 
     </span>
     <span class='ocr_line' id='line_1_6' title="bbox 718 849 1155 890; baseline -0.005 0"><span class='ocrx_word' id='word_1_26' title='bbox 718 874 725 890; x_wconf 94' lang='lat'><strong>.</strong></span> <span class='ocrx_word' id='word_1_27' title='bbox 1146 849 1155 888; x_wconf 80' lang='grc' dir='ltr'>ε</span> 
     </span>
    </p>
   </div>
   <div class='ocr_carea' id='block_1_4' title="bbox 26 961 1157 3558">
    <p class='ocr_par' dir='ltr' id='par_1_4' title="bbox 26 961 1157 3558">
     <span class='ocr_line' id='line_1_7' title="bbox 116 961 1137 1049; baseline 0.001 -20"><span class='ocrx_word' id='word_1_28' title='bbox 116 993 128 1042; x_wconf 91' lang='lat'>1</span> <span class='ocrx_word' id='word_1_29' title='bbox 225 966 361 1046; x_wconf 86' lang='lat' dir='ltr'>Brutus,</span> <span class='ocrx_word' id='word_1_30' title='bbox 384 964 439 1049; x_wconf 90' lang='lat' dir='ltr'>qui</span> <span class='ocrx_word' id='word_1_31' title='bbox 459 984 517 1048; x_wconf 85' lang='lat' dir='ltr'>pro</span> <span class='ocrx_word' id='word_1_32' title='bbox 539 961 688 1027; x_wconf 86' lang='lat' dir='ltr'>libertate</span> <span class='ocrx_word' id='word_1_33' title='bbox 710 962 841 1048; x_wconf 90' lang='lat' dir='ltr'>publica</span> <span class='ocrx_word' id='word_1_34' title='bbox 860 961 979 1026; x_wconf 89' lang='lat' dir='ltr'>liberos</span> <span class='ocrx_word' id='word_1_35' title='bbox 997 984 1078 1029; x_wconf 83' lang='lat' dir='ltr'>suos</span> <span class='ocrx_word' id='word_1_36' title='bbox 1095 968 1137 1030; x_wconf 88' lang='lat' dir='ltr'>iu·</span> 
     </span>
     <span class='ocr_line' id='line_1_8' title="bbox 115 1044 1137 1132; baseline -0.002 -16"><span class='ocrx_word' id='word_1_37' title='bbox 115 1049 276 1122; x_wconf 79' lang='lat' dir='ltr'>aterfecit.</span> <span class='ocrx_word' id='word_1_38' title='bbox 320 1045 469 1112; x_wconf 86' lang='lat' dir='ltr'>Valerius</span> <span class='ocrx_word' id='word_1_39' title='bbox 490 1044 673 1127; x_wconf 82' lang='lat' dir='ltr'>Publicola,</span> <span class='ocrx_word' id='word_1_40' title='bbox 728 1048 763 1110; x_wconf 92' lang='lat' dir='ltr'>ui</span> <span class='ocrx_word' id='word_1_41' title='bbox 786 1053 917 1132; x_wconf 89' lang='lat' dir='ltr'>propter</span> <span class='ocrx_word' id='word_1_42' title='bbox 944 1047 1086 1113; x_wconf 86' lang='lat' dir='ltr'>eandem</span> <span class='ocrx_word' id='word_1_43' title='bbox 1105 1050 1137 1114; x_wconf 91' lang='lat' dir='ltr'>li·</span> 
     </span>
     <span class='ocr_line' id='line_1_9' title="bbox 139 1069 1137 1216; baseline 0 -18"><span class='ocrx_word' id='word_1_44' title='bbox 139 1137 297 1200; x_wconf 88' lang='lat' dir='ltr'>bertatem</span> <span class='ocrx_word' id='word_1_45' title='bbox 317 1131 473 1194; x_wconf 89' lang='lat' dir='ltr'>adversus</span> <span class='ocrx_word' id='word_1_46' title='bbox 495 1128 688 1216; x_wconf 85' lang='lat' dir='ltr'>Tarquinios</span> <span class='ocrx_word' id='word_1_47' title='bbox 707 1069 830 1193; x_wconf 68' lang='lat' dir='ltr'>bellum</span> <span class='ocrx_word' id='word_1_48' title='bbox 851 1130 1015 1194; x_wconf 85' lang='lat' dir='ltr'>exercuit:</span> <span class='ocrx_word' id='word_1_49' title='bbox 1055 1133 1137 1198; x_wconf 87' lang='lat' dir='ltr'>idem</span> 
     </span>
     <span class='ocr_line' id='line_1_10' title="bbox 116 1212 1135 1298; baseline -0.002 -16"><span class='ocrx_word' id='word_1_50' title='bbox 116 1221 191 1286; x_wconf 81' lang='lat' dir='ltr'>sius</span> <span class='ocrx_word' id='word_1_51' title='bbox 213 1214 369 1278; x_wconf 83' lang='lat' dir='ltr'>libertatis</span> <span class='ocrx_word' id='word_1_52' title='bbox 391 1213 496 1278; x_wconf 87' lang='lat' dir='ltr'>dando</span> <span class='ocrx_word' id='word_1_53' title='bbox 510 1213 664 1298; x_wconf 90' lang='lat' dir='ltr'>populum</span> <span class='ocrx_word' id='word_1_54' title='bbox 681 1213 857 1298; x_wconf 88' lang='lat' dir='ltr'>ampliavit.</span> <span class='ocrx_word' id='word_1_55' title='bbox 901 1212 1048 1279; x_wconf 88' lang='lat' dir='ltr'>Manlius</span> <span class='ocrx_word' id='word_1_56' title='bbox 1064 1216 1135 1280; x_wconf 90' lang='lat' dir='ltr'>Tor-</span> 
     </span>
     <span class='ocr_line' id='line_1_11' title="bbox 26 1296 1157 1384; baseline -0.003 -22"><span class='ocrx_word' id='word_1_57' title='bbox 26 1342 31 1352; x_wconf 85' lang='lat'>·</span> <span class='ocrx_word' id='word_1_58' title='bbox 161 1307 270 1379; x_wconf 88' lang='lat' dir='ltr'>uatus,</span> <span class='ocrx_word' id='word_1_59' title='bbox 304 1298 359 1384; x_wconf 92' lang='lat' dir='ltr'>qui</span> <span class='ocrx_word' id='word_1_60' title='bbox 385 1297 428 1361; x_wconf 89' lang='lat' dir='ltr'>ad</span> <span class='ocrx_word' id='word_1_61' title='bbox 453 1296 703 1361; x_wconf 88' lang='lat' dir='ltr'>confirmandam</span> <span class='ocrx_word' id='word_1_62' title='bbox 730 1305 907 1360; x_wconf 88' lang='lat' dir='ltr'>castrorum</span> <span class='ocrx_word' id='word_1_63' title='bbox 930 1296 1157 1384; x_wconf 79' lang='lat' dir='ltr'>disciplinans</span> 
     </span>
     <span class='ocr_line' id='line_1_12' title="bbox 113 1324 1134 1470; baseline -0.001 -23"><span class='ocrx_word' id='word_1_64' title='bbox 113 1324 242 1447; x_wconf 71' lang='lat' dir='ltr'>allium</span> <span class='ocrx_word' id='word_1_65' title='bbox 264 1403 356 1445; x_wconf 90' lang='lat' dir='ltr'>suum</span> <span class='ocrx_word' id='word_1_66' title='bbox 382 1381 554 1445; x_wconf 84' lang='lat' dir='ltr'>interfecit.</span> <span class='ocrx_word' id='word_1_67' title='bbox 604 1378 773 1460; x_wconf 74' lang='lat' dir='ltr'>Quinctius</span> <span class='ocrx_word' id='word_1_68' title='bbox 802 1379 1015 1444; x_wconf 82' lang='lat' dir='ltr'>Cincinnatus</span> <span class='ocrx_word' id='word_1_69' title='bbox 1046 1382 1134 1470; x_wconf 89' lang='lat' dir='ltr'>[item</span> 
     </span>
     <span class='ocr_line' id='line_1_13' title="bbox 115 1463 1132 1552; baseline 0 -23"><span class='ocrx_word' id='word_1_70' title='bbox 115 1463 325 1552; x_wconf 82' lang='lat' dir='ltr'>5Serranus],</span> <span class='ocrx_word' id='word_1_71' title='bbox 355 1466 407 1529; x_wconf 93' lang='lat' dir='ltr'>cui</span> <span class='ocrx_word' id='word_1_72' title='bbox 429 1465 533 1528; x_wconf 89' lang='lat' dir='ltr'>aranti</span> <span class='ocrx_word' id='word_1_73' title='bbox 552 1463 711 1527; x_wconf 85' lang='lat' dir='ltr'>dictatura</span> <span class='ocrx_word' id='word_1_74' title='bbox 732 1464 839 1528; x_wconf 89' lang='lat' dir='ltr'>delata</span> <span class='ocrx_word' id='word_1_75' title='bbox 864 1472 923 1527; x_wconf 90' lang='lat' dir='ltr'>est.</span> <span class='ocrx_word' id='word_1_76' title='bbox 969 1464 1132 1546; x_wconf 80' lang='lat' dir='ltr'>Camillus,</span> 
     </span>
     <span class='ocr_line' id='line_1_14' title="bbox 139 1545 1132 1637; baseline 0 -24"><span class='ocrx_word' id='word_1_77' title='bbox 139 1551 194 1637; x_wconf 92' lang='lat' dir='ltr'>qui</span> <span class='ocrx_word' id='word_1_78' title='bbox 223 1547 384 1613; x_wconf 83' lang='lat' dir='ltr'>Senonum</span> <span class='ocrx_word' id='word_1_79' title='bbox 411 1558 507 1634; x_wconf 88' lang='lat' dir='ltr'>gente</span> <span class='ocrx_word' id='word_1_80' title='bbox 535 1547 641 1611; x_wconf 87' lang='lat' dir='ltr'>deleta</span> <span class='ocrx_word' id='word_1_81' title='bbox 673 1545 861 1635; x_wconf 83' lang='lat' dir='ltr'>[Gallorum]</span> <span class='ocrx_word' id='word_1_82' title='bbox 895 1548 1067 1615; x_wconf 88' lang='lat' dir='ltr'>incensam</span> <span class='ocrx_word' id='word_1_83' title='bbox 1098 1549 1132 1613; x_wconf 87' lang='lat' dir='ltr'>ab</span> 
     </span>
     <span class='ocr_line' id='line_1_15' title="bbox 111 1630 1132 1716; baseline 0.003 -21"><span class='ocrx_word' id='word_1_84' title='bbox 111 1636 185 1698; x_wconf 84' lang='lat' dir='ltr'>teis</span> <span class='ocrx_word' id='word_1_85' title='bbox 213 1633 326 1696; x_wconf 91' lang='lat' dir='ltr'>urbem</span> <span class='ocrx_word' id='word_1_86' title='bbox 359 1633 508 1696; x_wconf 82' lang='lat' dir='ltr'>restituit.</span> <span class='ocrx_word' id='word_1_87' title='bbox 563 1630 658 1703; x_wconf 84' lang='lat' dir='ltr'>Fabii</span> <span class='ocrx_word' id='word_1_88' title='bbox 687 1631 765 1712; x_wconf 89' lang='lat' dir='ltr'>duo,</span> <span class='ocrx_word' id='word_1_89' title='bbox 801 1652 935 1716; x_wconf 89' lang='lat' dir='ltr'>quorum</span> <span class='ocrx_word' id='word_1_90' title='bbox 963 1632 1049 1697; x_wconf 90' lang='lat' dir='ltr'>alter</span> <span class='ocrx_word' id='word_1_91' title='bbox 1075 1649 1132 1698; x_wconf 85' lang='lat' dir='ltr'>una</span> 
     </span>
     <span class='ocr_line' id='line_1_16' title="bbox 137 1713 1151 1803; baseline -0.002 -23"><span class='ocrx_word' id='word_1_92' title='bbox 137 1738 247 1803; x_wconf 89' lang='lat' dir='ltr'>pugna</span> <span class='ocrx_word' id='word_1_93' title='bbox 271 1716 442 1797; x_wconf 86' lang='lat' dir='ltr'>Etruscos,</span> <span class='ocrx_word' id='word_1_94' title='bbox 472 1713 648 1795; x_wconf 89' lang='lat' dir='ltr'>Samnitas,</span> <span class='ocrx_word' id='word_1_95' title='bbox 683 1713 823 1779; x_wconf 90' lang='lat' dir='ltr'>Umbros</span> <span class='ocrx_word' id='word_1_96' title='bbox 854 1713 1032 1801; x_wconf 83' lang='lat' dir='ltr'>Gallosque</span> <span class='ocrx_word' id='word_1_97' title='bbox 1065 1717 1151 1781; x_wconf 83' lang='lat' dir='ltr'>sub-c</span> 
     </span>
     <span class='ocr_line' id='line_1_17' title="bbox 138 1792 1129 1884; baseline 0.001 -20"><span class='ocrx_word' id='word_1_98' title='bbox 138 1802 220 1883; x_wconf 88' lang='lat' dir='ltr'>egit,</span> <span class='ocrx_word' id='word_1_99' title='bbox 247 1792 415 1863; x_wconf 89' lang='lat' dir='ltr'>libertinos</span> <span class='ocrx_word' id='word_1_100' title='bbox 445 1796 630 1861; x_wconf 84' lang='lat' dir='ltr'>atribubus</span> <span class='ocrx_word' id='word_1_101' title='bbox 656 1820 753 1883; x_wconf 88' lang='lat' dir='ltr'>repur</span> <span class='ocrx_word' id='word_1_102' title='bbox 777 1799 845 1861; x_wconf 89' lang='lat' dir='ltr'>avit</span> <span class='ocrx_word' id='word_1_103' title='bbox 864 1796 1005 1884; x_wconf 89' lang='lat' dir='ltr'>ideoque</span> <span class='ocrx_word' id='word_1_104' title='bbox 1033 1800 1129 1865; x_wconf 81' lang='lat' dir='ltr'>Maxi-</span> 
     </span>
     <span class='ocr_line' id='line_1_18' title="bbox 137 1820 1129 1964; baseline 0.002 -19"><span class='ocrx_word' id='word_1_105' title='bbox 137 1904 207 1946; x_wconf 89' lang='lat' dir='ltr'>mus</span> <span class='ocrx_word' id='word_1_106' title='bbox 231 1884 489 1964; x_wconf 88' lang='lat' dir='ltr'>cognominatus:</span> <span class='ocrx_word' id='word_1_107' title='bbox 511 1880 592 1943; x_wconf 87' lang='lat' dir='ltr'>alter</span> <span class='ocrx_word' id='word_1_108' title='bbox 608 1881 729 1944; x_wconf 82' lang='lat' dir='ltr'>Fabius</span> <span class='ocrx_word' id='word_1_109' title='bbox 747 1820 941 1945; x_wconf 69' lang='lat' dir='ltr'>Annibalem</span> <span class='ocrx_word' id='word_1_110' title='bbox 961 1904 1057 1946; x_wconf 89' lang='lat' dir='ltr'>mora</span> <span class='ocrx_word' id='word_1_111' title='bbox 1074 1883 1129 1947; x_wconf 78' lang='lat' dir='ltr'>ire</span> 
     </span>
     <span class='ocr_line' id='line_1_19' title="bbox 112 1963 1129 2052; baseline 0.002 -25"><span class='ocrx_word' id='word_1_112' title='bbox 112 1986 128 2033; x_wconf 82' lang='lat'><strong>7</strong></span> <span class='ocrx_word' id='word_1_113' title='bbox 160 1967 200 2045; x_wconf 89' lang='lat' dir='ltr'>it,</span> <span class='ocrx_word' id='word_1_114' title='bbox 230 1986 272 2027; x_wconf 84' lang='lat' dir='ltr'>ex</span> <span class='ocrx_word' id='word_1_115' title='bbox 320 1986 361 2027; x_wconf 91' lang='lat' dir='ltr'>uo</span> <span class='ocrx_word' id='word_1_116' title='bbox 391 1963 566 2029; x_wconf 80' lang='lat' dir='ltr'>Cunctator</span> <span class='ocrx_word' id='word_1_117' title='bbox 596 1972 644 2026; x_wconf 91' lang='grc' dir='ltr'>θεῖ</span> <span class='ocrx_word' id='word_1_118' title='bbox 676 1966 928 2048; x_wconf 88' lang='lat' dir='ltr'>cognominatus.</span> <span class='ocrx_word' id='word_1_119' title='bbox 983 1965 1129 2052; x_wconf 80' lang='lat' dir='ltr'>Papirius</span> 
     </span>
     <span class='ocr_line' id='line_1_20' title="bbox 138 1987 1128 2137; baseline -0.001 -23"><span class='ocrx_word' id='word_1_120' title='bbox 138 1987 276 2117; x_wconf 64' lang='lat' dir='ltr'>Cursor:</span> <span class='ocrx_word' id='word_1_121' title='bbox 299 1987 358 2112; x_wconf 67' lang='lat' dir='ltr'>liic</span> <span class='ocrx_word' id='word_1_122' title='bbox 383 2047 555 2129; x_wconf 87' lang='lat' dir='ltr'>Samnites,</span> <span class='ocrx_word' id='word_1_123' title='bbox 586 2048 641 2133; x_wconf 93' lang='lat' dir='ltr'>qui</span> <span class='ocrx_word' id='word_1_124' title='bbox 661 2048 822 2112; x_wconf 92' lang='lat' dir='ltr'>Romanos</span> <span class='ocrx_word' id='word_1_125' title='bbox 853 2045 912 2112; x_wconf 90' lang='lat' dir='ltr'>sub</span> <span class='ocrx_word' id='word_1_126' title='bbox 939 2049 1055 2132; x_wconf 86' lang='lat' dir='ltr'>iugum</span> <span class='ocrx_word' id='word_1_127' title='bbox 1079 2072 1128 2137; x_wconf 87' lang='lat' dir='ltr'>pu·</span> 
     </span>
     <span class='ocr_line' id='line_1_21' title="bbox 137 2131 1147 2218; baseline 0 -22"><span class='ocrx_word' id='word_1_128' title='bbox 137 2132 266 2217; x_wconf 88' lang='lat' dir='ltr'>gnando</span> <span class='ocrx_word' id='word_1_129' title='bbox 294 2133 460 2214; x_wconf 87' lang='lat' dir='ltr'>miserant,</span> <span class='ocrx_word' id='word_1_130' title='bbox 493 2141 596 2195; x_wconf 78' lang='lat' dir='ltr'>victos</span> <span class='ocrx_word' id='word_1_131' title='bbox 624 2154 801 2216; x_wconf 85' lang='lat' dir='ltr'>rgnommra</span> <span class='ocrx_word' id='word_1_132' title='bbox 821 2155 891 2218; x_wconf 84' lang='lat' dir='ltr'>parr</span> <span class='ocrx_word' id='word_1_133' title='bbox 912 2131 1037 2205; x_wconf 85' lang='lat' dir='ltr'>adfecit</span> <span class='ocrx_word' id='word_1_134' title='bbox 1064 2144 1096 2201; x_wconf 87' lang='lat' dir='ltr'>et</span> <span class='ocrx_word' id='word_1_135' title='bbox 1113 2154 1147 2197; x_wconf 80' lang='lat' dir='ltr'>aa</span> 
     </span>
     <span class='ocr_line' id='line_1_22' title="bbox 112 2215 1128 2301; baseline 0 -18"><span class='ocrx_word' id='word_1_136' title='bbox 112 2217 307 2284; x_wconf 85' lang='lat' dir='ltr'>8velocitate</span> <span class='ocrx_word' id='word_1_137' title='bbox 322 2216 442 2281; x_wconf 89' lang='lat' dir='ltr'>Cursor</span> <span class='ocrx_word' id='word_1_138' title='bbox 453 2223 501 2280; x_wconf 89' lang='lat' dir='ltr'>est</span> <span class='ocrx_word' id='word_1_139' title='bbox 511 2215 701 2301; x_wconf 89' lang='lat' dir='ltr'>appellatus.</span> <span class='ocrx_word' id='word_1_140' title='bbox 724 2216 856 2298; x_wconf 89' lang='lat' dir='ltr'>Curius,</span> <span class='ocrx_word' id='word_1_141' title='bbox 868 2219 987 2281; x_wconf 90' lang='lat' dir='ltr'>cumin</span> <span class='ocrx_word' id='word_1_142' title='bbox 1002 2219 1077 2285; x_wconf 89' lang='lat' dir='ltr'>foco</span> <span class='ocrx_word' id='word_1_143' title='bbox 1087 2240 1128 2283; x_wconf 86' lang='lat' dir='ltr'>ru·</span> 
     </span>
     <span class='ocr_line' id='line_1_23' title="bbox 135 2301 1128 2399; baseline 0.003 -35"><span class='ocrx_word' id='word_1_144' title='bbox 135 2322 193 2399; x_wconf 89' lang='lat' dir='ltr'>pas</span> <span class='ocrx_word' id='word_1_145' title='bbox 207 2309 356 2383; x_wconf 89' lang='lat' dir='ltr'>torreret,</span> <span class='ocrx_word' id='word_1_146' title='bbox 372 2307 476 2379; x_wconf 68' lang='lat' dir='ltr'>legatis</span> <span class='ocrx_word' id='word_1_147' title='bbox 485 2304 658 2364; x_wconf 76' lang='lat' dir='ltr'>Samnitium</span> <span class='ocrx_word' id='word_1_148' title='bbox 669 2321 776 2364; x_wconf 81' lang='lat' dir='ltr'>aarum</span> <span class='ocrx_word' id='word_1_149' title='bbox 791 2301 1000 2366; x_wconf 86' lang='lat' dir='ltr'>offerentibus</span> <span class='ocrx_word' id='word_1_150' title='bbox 1015 2302 1128 2383; x_wconf 73' lang='lat' dir='ltr'>‘mala&#39;</span> 
     </span>
     <span class='ocr_line' id='line_1_24' title="bbox 136 2383 1129 2470; baseline 0.002 -24"><span class='ocrx_word' id='word_1_151' title='bbox 136 2385 255 2470; x_wconf 87' lang='lat' dir='ltr'>rnquit,</span> <span class='ocrx_word' id='word_1_152' title='bbox 285 2385 338 2446; x_wconf 65' lang='lat' dir='ltr'>‘in</span> <span class='ocrx_word' id='word_1_153' title='bbox 358 2383 510 2448; x_wconf 88' lang='lat' dir='ltr'>fictilibus</span> <span class='ocrx_word' id='word_1_154' title='bbox 543 2385 623 2447; x_wconf 91' lang='lat' dir='ltr'>meis</span> <span class='ocrx_word' id='word_1_155' title='bbox 649 2406 713 2448; x_wconf 82' lang='lat' dir='ltr'>esse</span> <span class='ocrx_word' id='word_1_156' title='bbox 738 2392 770 2447; x_wconf 91' lang='lat' dir='ltr'>et</span> <span class='ocrx_word' id='word_1_157' title='bbox 802 2405 913 2447; x_wconf 91' lang='lat' dir='ltr'>aurum</span> <span class='ocrx_word' id='word_1_158' title='bbox 939 2385 1129 2451; x_wconf 85' lang='lat' dir='ltr'>habentibus</span> 
     </span>
     <span class='ocr_line' id='line_1_25' title="bbox 109 2466 1129 2554; baseline 0.004 -25"><span class='ocrx_word' id='word_1_159' title='bbox 109 2467 317 2550; x_wconf 68' lang='lat' dir='ltr'>simperare!</span> <span class='ocrx_word' id='word_1_160' title='bbox 360 2467 528 2531; x_wconf 85' lang='lat' dir='ltr'>Fabricius</span> <span class='ocrx_word' id='word_1_161' title='bbox 554 2466 743 2549; x_wconf 75' lang='lat' dir='ltr'>LusciniuS,</span> <span class='ocrx_word' id='word_1_162' title='bbox 775 2469 830 2554; x_wconf 92' lang='lat' dir='ltr'>qui</span> <span class='ocrx_word' id='word_1_163' title='bbox 857 2466 1047 2535; x_wconf 87' lang='lat' dir='ltr'>Cornelium</span> <span class='ocrx_word' id='word_1_164' title='bbox 1071 2470 1129 2535; x_wconf 85' lang='lat' dir='ltr'>Ru·</span> 
     </span>
     <span class='ocr_line' id='line_1_26' title="bbox 135 2548 1148 2633; baseline 0.001 -23"><span class='ocrx_word' id='word_1_165' title='bbox 135 2548 235 2611; x_wconf 93' lang='lat' dir='ltr'>finum</span> <span class='ocrx_word' id='word_1_166' title='bbox 261 2550 461 2613; x_wconf 91' lang='lat' dir='ltr'>consularem</span> <span class='ocrx_word' id='word_1_167' title='bbox 487 2551 592 2613; x_wconf 88' lang='lat' dir='ltr'>virum</span> <span class='ocrx_word' id='word_1_168' title='bbox 621 2561 734 2614; x_wconf 89' lang='lat' dir='ltr'>senatu</span> <span class='ocrx_word' id='word_1_169' title='bbox 760 2553 894 2633; x_wconf 87' lang='lat' dir='ltr'>amovit,</span> <span class='ocrx_word' id='word_1_170' title='bbox 924 2551 1076 2619; x_wconf 84' lang='lat' dir='ltr'>luxuriae</span> <span class='ocrx_word' id='word_1_171' title='bbox 1102 2560 1148 2615; x_wconf 85' lang='lat' dir='ltr'>eta</span> 
     </span>
     <span class='ocr_line' id='line_1_27' title="bbox 136 2632 1128 2723; baseline 0.008 -30"><span class='ocrx_word' id='word_1_172' title='bbox 136 2632 291 2694; x_wconf 88' lang='lat' dir='ltr'>avaritiae</span> <span class='ocrx_word' id='word_1_173' title='bbox 312 2632 511 2713; x_wconf 89' lang='lat' dir='ltr'>damnatum,</span> <span class='ocrx_word' id='word_1_174' title='bbox 541 2633 627 2717; x_wconf 91' lang='lat' dir='ltr'>quod</span> <span class='ocrx_word' id='word_1_175' title='bbox 649 2634 760 2698; x_wconf 87' lang='lat' dir='ltr'>decem</span> <span class='ocrx_word' id='word_1_176' title='bbox 779 2635 886 2720; x_wconf 87' lang='lat' dir='ltr'>pondo</span> <span class='ocrx_word' id='word_1_177' title='bbox 909 2639 1037 2718; x_wconf 85' lang='lat' dir='ltr'>argenti</span> <span class='ocrx_word' id='word_1_178' title='bbox 1064 2658 1128 2723; x_wconf 90' lang='lat' dir='ltr'>pos·</span> 
     </span>
     <span class='ocr_line' id='line_1_28' title="bbox 96 2713 1128 2805; baseline 0 -24"><span class='ocrx_word' id='word_1_179' title='bbox 96 2715 266 2781; x_wconf 73' lang='lat' dir='ltr'>resideret.</span> <span class='ocrx_word' id='word_1_180' title='bbox 313 2713 468 2779; x_wconf 88' lang='lat' dir='ltr'>Claudius</span> <span class='ocrx_word' id='word_1_181' title='bbox 489 2716 677 2799; x_wconf 87' lang='lat' dir='ltr'>Marcellus,</span> <span class='ocrx_word' id='word_1_182' title='bbox 710 2720 765 2802; x_wconf 94' lang='lat' dir='ltr'>qui</span> <span class='ocrx_word' id='word_1_183' title='bbox 788 2717 984 2782; x_wconf 90' lang='lat' dir='ltr'>Annibalem</span> <span class='ocrx_word' id='word_1_184' title='bbox 1012 2722 1128 2805; x_wconf 90' lang='lat' dir='ltr'>primus</span> 
     </span>
     <span class='ocr_line' id='line_1_29' title="bbox 136 2798 1128 2887; baseline 0.003 -25"><span class='ocrx_word' id='word_1_185' title='bbox 136 2801 170 2862; x_wconf 91' lang='lat' dir='ltr'>in</span> <span class='ocrx_word' id='word_1_186' title='bbox 201 2798 378 2885; x_wconf 86' lang='lat' dir='ltr'>Campania</span> <span class='ocrx_word' id='word_1_187' title='bbox 407 2800 529 2884; x_wconf 90' lang='lat' dir='ltr'>proelio</span> <span class='ocrx_word' id='word_1_188' title='bbox 558 2801 636 2865; x_wconf 89' lang='lat' dir='ltr'>vicit</span> <span class='ocrx_word' id='word_1_189' title='bbox 668 2802 818 2887; x_wconf 86' lang='lat' dir='ltr'>idemque</span> <span class='ocrx_word' id='word_1_190' title='bbox 847 2802 955 2866; x_wconf 90' lang='lat' dir='ltr'>docuit</span> <span class='ocrx_word' id='word_1_191' title='bbox 986 2804 1022 2866; x_wconf 91' lang='lat' dir='ltr'>in</span> <span class='ocrx_word' id='word_1_192' title='bbox 1048 2801 1128 2869; x_wconf 89' lang='lat' dir='ltr'>bello</span> 
     </span>
     <span class='ocr_line' id='line_1_30' title="bbox 95 2883 1127 2972; baseline 0.002 -24"><span class='ocrx_word' id='word_1_193' title='bbox 95 2900 124 2948; x_wconf 86' lang='lat'>11</span> <span class='ocrx_word' id='word_1_194' title='bbox 138 2883 295 2969; x_wconf 88' lang='lat' dir='ltr'>quomodo</span> <span class='ocrx_word' id='word_1_195' title='bbox 322 2885 444 2969; x_wconf 88' lang='lat' dir='ltr'>equites</span> <span class='ocrx_word' id='word_1_196' title='bbox 472 2885 541 2947; x_wconf 90' lang='lat' dir='ltr'>sine</span> <span class='ocrx_word' id='word_1_197' title='bbox 563 2883 641 2967; x_wconf 89' lang='lat' dir='ltr'>fuga</span> <span class='ocrx_word' id='word_1_198' title='bbox 663 2885 824 2949; x_wconf 89' lang='lat' dir='ltr'>cederent.</span> <span class='ocrx_word' id='word_1_199' title='bbox 869 2884 1036 2972; x_wconf 88' lang='lat' dir='ltr'>Scipiones</span> <span class='ocrx_word' id='word_1_200' title='bbox 1063 2887 1127 2965; x_wconf 84' lang='lat' dir='ltr'>duo,</span> 
     </span>
     <span class='ocr_line' id='line_1_31' title="bbox 136 2967 1145 3115; baseline 0.004 -85"><span class='ocrx_word' id='word_1_201' title='bbox 136 2988 270 3053; x_wconf 89' lang='lat' dir='ltr'>quorum</span> <span class='ocrx_word' id='word_1_202' title='bbox 296 2967 377 3031; x_wconf 90' lang='lat' dir='ltr'>alter</span> <span class='ocrx_word' id='word_1_203' title='bbox 400 2967 487 3115; x_wconf 68' lang='lat' dir='ltr'>prior</span> <span class='ocrx_word' id='word_1_204' title='bbox 512 2967 702 3050; x_wconf 85' lang='lat' dir='ltr'>Africanus,</span> <span class='ocrx_word' id='word_1_205' title='bbox 736 2971 792 3054; x_wconf 91' lang='lat' dir='ltr'>qui</span> <span class='ocrx_word' id='word_1_206' title='bbox 819 2970 1015 3034; x_wconf 90' lang='lat' dir='ltr'>Annibalem</span> <span class='ocrx_word' id='word_1_207' title='bbox 1037 2980 1072 3036; x_wconf 90' lang='grc' dir='ltr'>θῖ</span> <span class='ocrx_word' id='word_1_208' title='bbox 1098 2970 1145 3034; x_wconf 77' lang='lat' dir='ltr'>ins</span> 
     </span>
     <span class='ocr_line' id='line_1_32' title="bbox 136 3050 1127 3138; baseline 0.004 -25"><span class='ocrx_word' id='word_1_209' title='bbox 136 3072 173 3114; x_wconf 92' lang='lat' dir='ltr'>eo</span> <span class='ocrx_word' id='word_1_210' title='bbox 195 3050 340 3114; x_wconf 86' lang='lat' dir='ltr'>Africam</span> <span class='ocrx_word' id='word_1_211' title='bbox 363 3051 403 3115; x_wconf 88' lang='lat' dir='ltr'>de</span> <span class='ocrx_word' id='word_1_212' title='bbox 429 3050 554 3133; x_wconf 81' lang='lat' dir='ltr'>ellavit3</span> <span class='ocrx_word' id='word_1_213' title='bbox 585 3050 666 3116; x_wconf 89' lang='lat' dir='ltr'>alter</span> <span class='ocrx_word' id='word_1_214' title='bbox 688 3052 796 3138; x_wconf 89' lang='lat' dir='ltr'>Scipio</span> <span class='ocrx_word' id='word_1_215' title='bbox 824 3060 919 3118; x_wconf 83' lang='lat' dir='ltr'>minor</span> <span class='ocrx_word' id='word_1_216' title='bbox 925 3102 934 3134; x_wconf 94' lang='lat'>,</span> <span class='ocrx_word' id='word_1_217' title='bbox 966 3053 1127 3119; x_wconf 87' lang='lat' dir='ltr'>Numanti·</span> 
     </span>
     <span class='ocr_line' id='line_1_33' title="bbox 134 3134 1127 3220; baseline 0.006 -25"><span class='ocrx_word' id='word_1_218' title='bbox 134 3155 210 3214; x_wconf 88' lang='lat' dir='ltr'>nus,</span> <span class='ocrx_word' id='word_1_219' title='bbox 234 3135 289 3220; x_wconf 93' lang='lat' dir='ltr'>qui</span> <span class='ocrx_word' id='word_1_220' title='bbox 310 3134 540 3218; x_wconf 86' lang='lat' dir='ltr'>Carthaginem</span> <span class='ocrx_word' id='word_1_221' title='bbox 564 3143 596 3198; x_wconf 89' lang='lat' dir='ltr'>et</span> <span class='ocrx_word' id='word_1_222' title='bbox 613 3135 819 3200; x_wconf 88' lang='lat' dir='ltr'>Numantiam</span> <span class='ocrx_word' id='word_1_223' title='bbox 841 3136 999 3204; x_wconf 86' lang='lat' dir='ltr'>diruendo</span> <span class='ocrx_word' id='word_1_224' title='bbox 1019 3140 1057 3202; x_wconf 92' lang='lat' dir='ltr'>in</span> <span class='ocrx_word' id='word_1_225' title='bbox 1076 3139 1127 3202; x_wconf 85' lang='lat' dir='ltr'>hac</span> 
     </span>
     <span class='ocr_line' id='line_1_34' title="bbox 98 3216 1127 3304; baseline 0.006 -25"><span class='ocrx_word' id='word_1_226' title='bbox 98 3216 297 3299; x_wconf 71' lang='lat' dir='ltr'>laAsricam,</span> <span class='ocrx_word' id='word_1_227' title='bbox 333 3219 367 3280; x_wconf 92' lang='lat' dir='ltr'>in</span> <span class='ocrx_word' id='word_1_228' title='bbox 398 3218 455 3281; x_wconf 90' lang='lat' dir='ltr'>illa</span> <span class='ocrx_word' id='word_1_229' title='bbox 476 3218 668 3304; x_wconf 89' lang='lat' dir='ltr'>Hispaniam</span> <span class='ocrx_word' id='word_1_230' title='bbox 699 3220 808 3303; x_wconf 86' lang='lat' dir='ltr'>fregit.</span> <span class='ocrx_word' id='word_1_231' title='bbox 853 3219 1009 3286; x_wconf 89' lang='lat' dir='ltr'>Claudius</span> <span class='ocrx_word' id='word_1_232' title='bbox 1036 3220 1127 3301; x_wconf 88' lang='lat' dir='ltr'>Nero,</span> 
     </span>
     <span class='ocr_line' id='line_1_35' title="bbox 157 3298 1128 3392; baseline 0.01 -32"><span class='ocrx_word' id='word_1_233' title='bbox 157 3300 188 3361; x_wconf 93' lang='lat' dir='ltr'>ui</span> <span class='ocrx_word' id='word_1_234' title='bbox 200 3298 367 3366; x_wconf 85' lang='lat' dir='ltr'>Annibale</span> <span class='ocrx_word' id='word_1_235' title='bbox 388 3302 423 3364; x_wconf 91' lang='lat' dir='ltr'>in</span> <span class='ocrx_word' id='word_1_236' title='bbox 436 3301 556 3387; x_wconf 86' lang='lat' dir='ltr'>Apulia</span> <span class='ocrx_word' id='word_1_237' title='bbox 577 3303 688 3369; x_wconf 91' lang='lat' dir='ltr'>relicto</span> <span class='ocrx_word' id='word_1_238' title='bbox 709 3304 892 3367; x_wconf 85' lang='lat' dir='ltr'>venientem</span> <span class='ocrx_word' id='word_1_239' title='bbox 911 3304 953 3368; x_wconf 93' lang='lat' dir='ltr'>ab</span> <span class='ocrx_word' id='word_1_240' title='bbox 972 3305 1128 3392; x_wconf 80' lang='lat' dir='ltr'>Hispanis</span> 
     </span>
     <span class='ocr_line' id='line_1_36' title="bbox 114 3320 1147 3488; baseline 0.003 -42"><span class='ocrx_word' id='word_1_241' title='bbox 114 3320 345 3452; x_wconf 72' lang='lat' dir='ltr'>Asdrubalem</span> <span class='ocrx_word' id='word_1_242' title='bbox 371 3389 504 3476; x_wconf 85' lang='lat' dir='ltr'>excepit</span> <span class='ocrx_word' id='word_1_243' title='bbox 523 3388 698 3488; x_wconf 84' lang='lat' dir='ltr'>copiasque</span> <span class='ocrx_word' id='word_1_244' title='bbox 720 3387 789 3450; x_wconf 75' lang='lat' dir='ltr'>erus</span> <span class='ocrx_word' id='word_1_245' title='bbox 807 3409 875 3449; x_wconf 83' lang='lat' dir='ltr'>uno</span> <span class='ocrx_word' id='word_1_246' title='bbox 894 3387 948 3450; x_wconf 73' lang='lat' dir='ltr'>lie</span> <span class='ocrx_word' id='word_1_247' title='bbox 968 3399 1047 3471; x_wconf 82' lang='lat' dir='ltr'>aput</span> <span class='ocrx_word' id='word_1_248' title='bbox 1067 3388 1147 3455; x_wconf 81' lang='lat' dir='ltr'>Meu</span> 
     </span>
     <span class='ocr_line' id='line_1_37' title="bbox 104 3466 1138 3558; baseline -0.011 -17"><span class='ocrx_word' id='word_1_249' title='bbox 104 3468 241 3541; x_wconf 58' lang='lat' dir='ltr'>lausum</span> <span class='ocrx_word' id='word_1_250' title='bbox 267 3471 400 3539; x_wconf 83' lang='lat' dir='ltr'>flumen</span> <span class='ocrx_word' id='word_1_251' title='bbox 423 3475 571 3541; x_wconf 80' lang='lat' dir='ltr'>devicit:</span> <span class='ocrx_word' id='word_1_252' title='bbox 603 3496 677 3558; x_wconf 84' lang='lat' dir='ltr'>qur,</span> <span class='ocrx_word' id='word_1_253' title='bbox 697 3472 785 3535; x_wconf 81' lang='lat' dir='ltr'>siae</span> <span class='ocrx_word' id='word_1_254' title='bbox 807 3489 883 3530; x_wconf 83' lang='lat' dir='ltr'>curn</span> <span class='ocrx_word' id='word_1_255' title='bbox 904 3466 1138 3530; x_wconf 55' lang='lat' dir='ltr'>numnam</span> 
     </span>
    </p>
   </div>
   <div class='ocr_carea' id='block_1_5' title="bbox 0 0 1182 3818">
    <p class='ocr_par' dir='ltr' id='par_1_5' title="bbox 0 0 1182 3818">
     <span class='ocr_line' id='line_1_38' title="bbox 0 0 1182 3818; baseline 0 0"><span class='ocrx_word' id='word_1_256' title='bbox 0 0 1182 3818; x_wconf 95' lang='lat' dir='ltr'> </span> 
     </span>
    </p>
   </div>
  </div>
 </body>
</html>
