2356 3818
367 189 727 287 EfflffaemmA
986 196 1045 261 rm

45 378 186 449 pressus
204 355 312 457 gladio
335 365 366 456 et
388 379 485 444 pyra,
513 358 549 422 in
569 380 723 458 quamcse
743 380 931 458 percussum
951 360 1045 425 inmi-

47 447 110 526 sit,
135 449 416 526 supersuturam
438 463 524 505 nunc
547 441 680 540 Caesam
702 443 886 508 satisfecit.

96 584 101 593 “
132 570 300 636 ΧΧΧΙΙΙ.
339 570 522 637 BELLVM
552 572 875 643 CANTABRIOVM
901 577 962 643 ET

231 657 234 661 '
414 654 685 724 ASTVRIOVM.
833 658 838 668 ’

140 772 207 838 Sub
223 793 338 850 occasu
352 780 468 857 pacata
484 781 554 836 erat
576 772 646 840 fere
663 777 765 840 omnis
784 776 959 863 Hispania,
981 779 1089 856 nisira

52 879 152 958 quam
174 856 334 940 Pyrenaei
361 855 536 920 desinentis
563 858 703 943 scopulis
728 859 948 925 inhaerentem
969 862 1045 926 cite·

49 963 121 1007 rror
144 939 296 1004 adluebat
318 938 476 1003 Oceanus.
504 939 557 1002 hic
578 940 660 1004 duae
683 943 899 1009 validissimae
922 952 1044 1028 gentes,

53 1022 213 1090 Cantabri
233 1030 265 1086 et
281 1022 432 1104 Astures,
454 1024 600 1087 inmunes
621 1025 748 1110 imperii
764 1027 939 1111 agitabant.
962 1027 1086 1094 Can-4¹1

51 1107 220 1177 {abrorum
249 1114 281 1169 et
305 1106 393 1191 prior
415 1114 447 1170 et
468 1107 573 1170 acrior
593 1115 626 1170 et
645 1110 749 1193 magis
770 1111 921 1194 pertinax
940 1110 975 1174 in
995 1133 1044 1174 re-

51 1184 206 1256 bellando
239 1190 363 1253 animus
395 1189 473 1271 fuit,
510 1190 565 1275 qui
594 1211 659 1254 non
691 1194 832 1257 contenti
864 1193 1045 1258 libertatem

53 1295 147 1339 suam
169 1272 341 1338 defendere
383 1273 517 1337 roximis
535 1274 630 1337 etiam
646 1276 829 1361 imperitare
845 1276 1046 1362 temptabant

51 1357 283 1441 Vaccaeosque
309 1365 340 1419 et
361 1294 543 1439 A‘urmogos
568 1365 600 1420 et
618 1359 817 1441 Autrigonas
845 1360 967 1425 crebris
997 1361 1044 1424 in-

52 1438 257 1505 cursionibus
279 1438 468 1522 fatigabant.
501 1440 536 1502 in
556 1437 614 1503 hos
636 1441 749 1523 igitur,
799 1444 854 1506 uia
873 1443 1088 1511 vehemente
1160 1460 1165 1464 “

50 1526 119 1588 tius
146 1544 243 1606 agere
269 1523 511 1603 nuntiabantur,
538 1544 603 1585 non
628 1531 676 1585 est
699 1545 781 1609 expe
806 1526 861 1590 ‘tio
883 1526 1043 1606 mandata,

54 1606 115 1672 sed
131 1614 266 1690 sumpta.
288 1606 358 1691 ipse
375 1607 465 1670 venit
476 1604 690 1688 Segisamam,
709 1616 814 1670 casua
829 1604 950 1692 posuit,
967 1608 1044 1672 inde

51 1689 214 1776 tripertito
232 1689 376 1752 exercitu
392 1699 491 1753 totam
503 1687 711 1764 Cantabriam
728 1689 903 1775 amplexus,
914 1693 1045 1755 efferam

51 1780 184 1858 gentem
204 1771 269 1835 ritu
290 1770 431 1838 ferarum
452 1772 544 1858 quasi
564 1773 702 1857 quadam
723 1772 860 1858 cogebat
880 1775 1043 1859 indagine.

51 1858 115 1922 neb
135 1854 176 1919 ab
194 1853 449 1941 Oceanoquies,
469 1877 543 1919 cum
560 1855 679 1920 infesta
701 1856 803 1931 eJasse
825 1858 897 1945 ipsa
917 1862 1089 1945 quoque49

50 1950 148 2025 terga
174 1938 314 2004 hostium
341 1940 558 2005 caederentur.
586 1941 723 2024 primum
751 1941 906 2006 adversus
929 1942 1045 2007 Canta-

53 2024 132 2092 bros
156 2021 216 2087 sub
238 2022 404 2086 moenibus
425 2022 585 2107 Bergidae
607 2025 807 2108 proeliatum.
840 2025 916 2090 hinc
939 2027 1045 2090 statim

52 2107 134 2206 fuga
154 2108 188 2170 in
210 2107 494 2170 eminentissimum
511 2106 667 2170 Vindium
686 2118 839 2188 montem,
863 2130 925 2193 quo
944 2109 1046 2172 maria

76 2212 145 2254 rrus
162 2190 284 2254 Oceani
307 2201 402 2290 quam
424 2211 513 2253 arma
532 2189 680 2253 Romana
698 2208 872 2254 ascensura
891 2211 962 2253 esse
977 2211 1044 2254 ore·

52 2214 215 2340 diderant.
249 2280 344 2338 tertre
366 2272 551 2337 Aracelium
579 2272 732 2356 oppidum
760 2295 813 2336 ma
859 2274 933 2348 avi
953 2286 1089 2358 rapu-to

53 2365 152 2442 gnat3
184 2365 314 2442 captum
343 2365 451 2420 tamen
482 2363 642 2441 postremo
674 2355 737 2419 fuit
762 2356 816 2420 Me
839 2355 898 2419 ulli
927 2356 1045 2420 montis
1121 2357 1123 2362 ’

44 2439 197 2520 obsidio,
224 2463 320 2526 quem
343 2448 499 2538 perpetua
525 2439 636 2502 decem
662 2446 694 2502 et
720 2447 790 2503 octo
812 2438 937 2503 milium
957 2439 1046 2505 fossa

55 2523 312 2608 conprehensum
338 2523 418 2587 undr
440 2543 481 2586 ue
506 2519 600 2584 simul
630 2521 768 2587 adeunte
788 2523 933 2588 Romano
983 2531 1047 2588 ost

55 2626 155 2692 quam
186 2615 330 2671 extrema
359 2546 492 2671 barderi
522 2605 649 2686 vident,
683 2592 829 2670 certatim
856 2607 932 2691 igne
959 2545 1045 2689 Ferro

55 2710 261 2775 venenoque,
291 2689 377 2774 quod
403 2689 450 2753 ibi
476 2686 573 2774 volgo
601 2691 923 2775 taxe00exprimitur,
954 2711 1045 2775 prac-

56 2793 172 2858 eepere
194 2782 341 2854 mortem,
365 2794 399 2836 se
421 2793 462 2835 ue
484 2793 559 2858 pars
580 2773 681 2834 maior
702 2794 722 2835 a
744 2774 943 2872 captivitate,
966 2793 1047 2858 quae

45 2864 161 2920 tmorte
183 2857 314 2940 gravior
333 2857 377 2920 ad
395 2796 569 2939 idtempus
586 2854 750 2920 indomitis
766 2855 954 2935 vrdebatur,
978 2856 1047 2918 vin-

57 2940 257 3004 dicaverunt.
289 2938 369 3003 haec
394 2961 453 3024 per
480 2938 657 3003 Antistium
677 2935 896 3037 Furniumque
923 2938 1046 3022 legatos
1055 2943 1086 2995 51

57 3031 91 3087 et
111 3022 291 3107 Agrippam
312 3021 488 3087 hibernans
509 3022 544 3085 in
564 3020 757 3086 Tarraconis
780 3021 948 3086 maritimis
967 3019 1046 3085 an-

58 3125 114 3169 sar
134 3107 269 3204 aceepit.
290 3126 368 3170 mox
388 3106 458 3204 ipse
473 3125 627 3190 praesens
644 3104 702 3170 hos
723 3104 857 3168 deduxit
873 3102 1043 3183 montibus,
1054 3114 1089 3165 aa

58 3187 120 3254 hos
146 3186 313 3258 obsidibus
340 3190 505 3269 astrinxit,
538 3187 596 3251 hos
628 3185 687 3250 sub
720 3209 837 3251 corona
867 3188 937 3250 iure
967 3185 1052 3251 belli·

45 3271 269 3338 svenundedit.
301 3270 400 3355 digna
430 3292 482 3338 res
512 3269 624 3350 lauro,
661 3269 759 3353 digna
793 3291 888 3334 curru
920 3269 1088 3337 senatuita

57 3356 132 3420 visa
153 3363 219 3437 est3
242 3354 300 3418 sed
320 3355 385 3418 iam
404 3362 512 3420 tantus
535 3361 603 3417 erat
620 3352 755 3436 Caesar,
781 3353 893 3437 augeri
907 3362 1045 3419 oontem-

57 3446 151 3504 nerct
178 3445 214 3501 ut
244 3436 414 3524 triumpho.
446 3436 584 3503 Astures
614 3456 672 3522 per
702 3435 738 3500 id
766 3444 894 3523 tempus
921 3435 1086 3523 ingentius
