2356 3818
383 259 388 264 -
431 213 684 304 1,c.7[12.13].
717 300 718 305 Ν
933 185 937 195 “
1017 218 1053 281 13

56 381 288 463 inmortalibus
300 382 360 464 dis,
383 402 426 448 an
437 383 582 450 Romana
592 383 696 448 virtus
710 382 878 468 imperium
889 383 976 450 orbis
990 405 1055 450 me·

55 475 195 533 reretur.
560 504 564 517 ·
680 533 682 537 ,

132 549 234 617 Calli
251 549 410 634 Senones,
430 572 510 635 gens
528 558 643 614 natura
659 549 769 632 ferox,
787 551 930 617 moribus
945 551 1081 627 incon-4

57 634 138 714 dita,
157 633 200 697 ad
216 633 277 698 hoc
293 636 365 720 ipsa
381 655 551 720 corpomm
565 633 658 714 mole,
676 633 812 717 perinde
832 636 929 701 armis
942 635 1055 719 ingen·
1082 664 1085 668 ·

32 716 156 797 stibus,
174 716 257 782 adeo
273 720 359 783 omni
375 739 495 802 genere
513 716 667 781 terribilis
678 717 749 797 tuit,
766 727 803 780 ut
818 716 914 802 plane
926 726 1003 780 nata
1011 715 1056 781 ad
1148 744 1150 749 ⁴

56 801 226 868 hominum
237 801 410 883 interitum,
420 800 549 865 urbium
560 809 701 884 stragem
711 800 887 864 videretur.
910 800 943 863 hi
956 822 1081 885 quon-5
1099 846 1102 850 -

56 884 136 949 dam
152 883 193 947 ab
210 884 330 948 ultimis
346 894 504 949 terrarum
523 885 588 949 oris
600 893 632 948 et
643 885 791 967 cingente
804 885 910 947 omnia
925 883 1055 949 Oceano

56 968 185 1051 ingenti
195 969 325 1051 agmine
336 969 482 1054 profecti,
500 989 574 1032 cum
591 968 656 1031 iam
673 967 780 1044 media
790 977 982 1048 vastassent,
999 989 1055 1053 po-

56 1052 132 1115 sitis
138 1050 329 1136 interAlpes
341 1062 373 1118 et
379 1052 504 1120 Padum
514 1049 654 1132 sedibus,
666 1072 707 1113 ne
718 1049 772 1117 his
778 1051 907 1136 quidem
913 1051 1057 1116 contenti

18 1156 47 1199 to
55 1155 118 1220 per
124 1132 252 1197 Italiam
263 1134 482 1218 vagabantur3
493 1143 562 1198 tum
570 1132 716 1198 Clusium
725 1134 840 1202 urbem
851 1134 1081 1202 obsidebants

54 1240 116 1304 pro
135 1219 230 1281 sociis
256 1240 295 1282 ac
312 1218 486 1283 foederatis
502 1218 666 1287 Remanus
690 1218 880 1301 intervenit3
902 1220 1001 1283 missi
1014 1239 1057 1297 ea

54 1323 148 1368 more
159 1301 268 1385 legati.
287 1303 346 1367 sed
357 1303 443 1387 quod
452 1303 502 1365 ius
515 1311 592 1387 aput
601 1299 782 1366 barbaros?
793 1302 934 1367 ferocius
946 1312 1055 1387 agunt,

56 1395 90 1450 et
110 1385 187 1449 inde
204 1394 375 1452 certamen.
404 1387 569 1452 conversis
586 1386 686 1469 igitur
703 1406 723 1447 a
735 1384 845 1451 Clusio
858 1387 1081 1471 Romamques

55 1468 263 1533 venientibus
274 1469 316 1533 ad
322 1468 431 1536 Aliam
440 1468 562 1536 fiumen
569 1491 641 1532 cum
653 1469 798 1536 exercitu
809 1467 1057 1533 Fabiusconsul

21 1568 48 1610 rs
57 1553 207 1617 occurrit.
233 1573 299 1617 non
311 1562 432 1619 temere
450 1552 577 1616 foedior
598 1550 723 1632 clades,
741 1553 850 1636 itaque
867 1551 953 1616 hunc
972 1552 1057 1616 diem

49 1634 154 1699 'fastis
166 1634 268 1701 Roma
279 1636 454 1700 damnavit.
474 1635 547 1701 fuso
560 1635 780 1709 exercitatam
790 1634 1080 1704 moenibusurbiss

58 1716 371 1805 adpropinquabant.
400 1728 491 1786 erant
508 1718 598 1782 nulla
607 1718 781 1804 praesidia.
807 1726 876 1785 tum
889 1720 989 1803 igitur
1000 1719 1056 1799 sic,

57 1812 95 1866 ut
105 1824 279 1888 numquam
291 1803 381 1885 alias,
389 1805 541 1890 apparuit
551 1823 630 1866 vera
641 1801 698 1871 illa
708 1801 854 1871 Romana
865 1804 979 1867 virtus.
992 1804 1081 1874 iamc

58 1886 199 1972 primum
211 1889 350 1952 maiores
361 1896 448 1969 natu,
467 1886 672 1973 amplissimis
689 1886 742 1949 usi
760 1885 946 1968 honoribus,
963 1888 998 1951 in
1009 1887 1056 1952 fo·

24 1990 136 2033 aarum
146 1978 271 2052 coeunt,
287 1970 334 2035 ibi
345 1972 525 2036 devovente
534 1969 686 2058 pontifice
703 1969 753 2038 dis
770 1992 805 2035 se
821 1970 969 2035 manibus
983 1992 1056 2036 con-

60 2063 197 2134 secrant,
216 2056 386 2140 statimque
403 2057 438 2118 in
449 2077 523 2119 suas
537 2055 673 2141 quisque
684 2054 781 2118 aedes
792 2057 943 2139 regressi,
961 2056 1008 2124 sie
1017 2063 1054 2119 ut
1064 2072 1096 2122 10

60 2138 96 2200 in
105 2135 227 2202 trabeis
247 2149 339 2203 erant
356 2147 388 2201 et
400 2138 596 2224 amplissimo
616 2137 713 2218 cultu,
732 2139 767 2201 in
784 2138 948 2207 curtilibus
968 2138 1055 2208 sellis

59 2241 131 2285 sese
142 2230 364 2306 reposuemmt,
374 2231 419 2301 ut,
438 2243 510 2285 eum
519 2222 663 2284 venisset
674 2220 786 2302 hostis,
804 2223 839 2285 in
851 2243 910 2284 sua
921 2223 1056 2306 quisque

60 2304 218 2389 dignitate
230 2313 417 2368 moreretur.
446 2303 613 2389 pontifices
632 2311 664 2366 et
679 2301 826 2369 flamines
858 2304 993 2390 uidquid
1003 2325 1051 2367 re·
1065 2310 1094 2361 11

25 2382 259 2472 aligiosissimi
271 2389 305 2452 in
317 2386 447 2475 templis
460 2397 528 2473 erat
538 2388 656 2474 partim
667 2385 702 2448 in
712 2385 814 2451 doleis
830 2327 959 2452 defossa
969 2397 1057 2453 terra

56 2471 245 2553 recondunt,
265 2472 386 2558 partim
402 2472 542 2557 inposita
555 2471 708 2557 plaustris
727 2492 836 2535 secum
851 2472 950 2539 Veios
969 2472 1056 2536 aufe·
1093 2491 1097 2500 ·
1158 2503 1170 2529 x

56 2563 144 2619 runt.
168 2557 312 2640 virgines
328 2554 421 2619 simul
435 2578 477 2620 ex
489 2556 668 2621 sacerdotio
680 2554 802 2620 Vestae
813 2556 900 2623 nudo
911 2555 994 2643 pede
1005 2556 1054 2620 fu·
1066 2574 1098 2623 12

56 2638 180 2722 gientia
191 2661 282 2703 sacra
294 2642 494 2706 comitantur.
511 2649 620 2710 tamen
631 2641 797 2725 excepisse
809 2639 963 2725 fugientis
973 2661 1057 2703 unus

58 2744 101 2796 ex
122 2722 216 2808 plebe
233 2723 335 2788 fertur
351 2723 496 2805 Atinius,
519 2725 574 2810 qui
598 2722 637 2787 de
661 2724 752 2787 ositis
774 2745 877 2794 uxore
895 2733 927 2789 et
944 2723 1056 2793 liberis

27 2820 51 2867 tt
61 2806 204 2889 virgines
219 2807 253 2870 in
270 2807 448 2892 plaustrum
458 2810 589 2892 recepit.
616 2745 696 2871 adeo
709 2816 786 2878 tunc
797 2830 859 2894 quo
882 2831 923 2873 ue
940 2809 974 2871 in
984 2806 1056 2869 ulti-

58 2890 120 2952 mis
132 2890 394 2976 religiopublica
409 2891 546 2976 privatis
564 2890 746 2955 adfectibus
765 2831 987 2956 antecbllebat.
1010 2892 1055 2951 iu-

56 2981 174 3036 ventus
184 2995 378 3059 ver0,.quam
388 2975 464 3038 satis
476 2982 600 3040 constat
610 2975 668 3038 vix
677 2973 766 3039 mille
776 2973 940 3045 hominum
945 2973 1056 3052 fuisse,
1069 2978 1101 3029 13

58 3056 141 3121 duce
159 3056 281 3123 Manlio
299 3079 406 3122 arcem
424 3058 599 3144 Capitolini
613 3059 730 3123 montis
745 3059 873 3139 insedit,
897 3056 1056 3129 obtestata

33 3204 37 3222 ,
58 3141 164 3228 ipsum
182 3143 274 3226 quasi
314 3152 492 3206 raesentem
502 3142 624 3224 Iovem,
641 3152 677 3207 ut
694 3165 789 3228 quem
800 3141 980 3206 admodum
992 3140 1056 3225 ipsi

26 3232 51 3283 a
61 3224 104 3289 ad
122 3163 362 3289 defendendum
380 3225 534 3309 templum
551 3227 797 3306 concurrissent,
814 3226 861 3294 ita
877 3223 933 3287 ille
955 3225 1055 3287 virtu-

56 3317 126 3373 tem
142 3329 253 3373 eorum
269 3307 399 3371 numine
416 3329 472 3371 suo
489 3317 644 3373 tueretur.
673 3309 808 3372 aderant
823 3308 953 3372 interim
964 3306 1053 3372 Galli
1064 3321 1094 3372 tt

16 3418 22 3429 ·
58 3401 269 3478 apertamque
279 3390 393 3455 urbem
402 3391 505 3475 primo
516 3392 644 3478 trepidi,
655 3414 696 3456 ne
708 3391 779 3476 quis
791 3391 938 3456 subesset
952 3391 1053 3471 dolus,

20 3558 25 3565 .
58 3498 147 3558 mox,
160 3474 219 3541 ubi
230 3474 435 3541 solitudinem
448 3474 568 3559 vident,
585 3476 660 3562 pari.
669 3473 811 3542 clamore
825 3485 863 3543 et
875 3475 1066 3565 impetum
