2356 3818
418 195 462 276 11,
474 199 536 260 ur
547 167 617 289 [rs.
634 197 701 286 191.

187 455 190 459 .
304 403 380 468 VII.
407 402 592 469 BELLVM
618 403 820 470 SERVILE.

111 542 113 547 ’
145 515 187 580 Id
202 513 494 602 qualitercumque:
513 518 575 599 etsi
592 539 666 583 oum
685 518 781 584 sociis
797 518 891 583 nefas
896 566 906 602 ,
924 541 998 584 cum
1015 537 1065 599 111,
1084 518 1124 581 19

53 600 173 667 liberis
194 608 302 663 tamen
328 608 360 663 et
381 600 532 683 ingenuis
554 600 742 667 dimicatum
762 610 828 665 est:
862 604 933 689 quis
953 610 1055 692 aequo

54 685 167 749 animo
192 682 276 747 serat
300 684 335 746 in
377 684 500 768 rinoipe
521 685 641 769 populo
662 682 751 749 bella
772 687 965 753 servorum?
991 690 1081 773 pri-2

54 791 148 834 mum
186 766 304 831 servile
347 705 469 831 bellum
505 768 591 831 inter
635 770 729 833 initia
763 769 854 833 urbis
888 769 1056 838 Herdonio

54 854 142 918 duce
164 850 284 916 Sabino
306 852 341 913 in
362 851 436 935 ipsa
452 849 534 915 urbe
560 859 751 937 temptatum
776 861 840 935 est,
870 876 943 917 oum
963 876 1056 920 oocu-

53 945 134 1023 pata
149 933 331 998 tribrmiciis
350 933 564 998 seditionibus
582 937 716 1001 civitate
734 935 929 1021 Capitolium
946 936 1055 1002 obses-

54 1042 131 1099 sum
151 1028 201 1082 est
222 1026 255 1081 et
274 1039 295 1080 a
315 1017 448 1081 consule
468 1026 650 1102 receptum;
676 1019 735 1084 sed
744 1019 802 1083 -hie
819 1020 975 1085 tumultus
989 1044 1055 1085 ma·

54 1105 110 1189 gis
132 1101 195 1167 fuit
217 1123 313 1187 quam
336 1098 467 1165 bellum.
494 1123 572 1182 mox
599 1103 733 1201 imperio
761 1120 820 1189 per
842 1104 974 1168 diversa
993 1112 1055 1170 terss

44 1208 170 1252 ‚rarum
186 1194 355 1276 occupato,
369 1185 440 1282 quis
458 1183 606 1253 crederet
623 1185 767 1273 Sroiliam
778 1185 879 1252 multo
891 1190 1055 1253 cruentius

55 1269 172 1336 servili
194 1290 289 1354 quam
310 1268 434 1332 Pumco
456 1266 543 1332 bollo
567 1290 638 1351 esse
662 1269 847 1334 vastatam?
876 1280 963 1335 terra
989 1273 1081 1338 frua

156 1353 250 1417 ferax
271 1360 303 1415 et
346 1351 463 1428 nodam
479 1352 574 1418 modo
598 1353 784 1419 suburbana
802 1356 974 1440 provincia.
987 1355 1056 1425 lati-

70 1437 181 1503 undiis
204 1375 561 1500 civiumbtomanorum
581 1436 762 1501 tenebatur.
789 1436 842 1500 hio
867 1439 910 1502 ad
935 1438 1057 1505 cultum

55 1521 132 1605 agri
159 1519 208 1584 fre
228 1520 341 1584 ‘uentia
369 1518 534 1602 ergastula
562 1522 766 1606 catenatique
794 1519 935 1585 cultores
958 1531 1056 1587 mate·

44 1608 142 1671 ,riam
157 1543 243 1667 bello
267 1602 456 1688 praebuere.
477 1600 578 1688 Syrus
596 1603 727 1690 quidam
742 1603 872 1667 nomine
888 1603 1003 1685 Eunus
1013 1611 1082 1660 -4

52 1688 245 1773 magnitudo
267 1686 409 1750 cladium
428 1686 522 1768 facit,
549 1695 585 1750 ut
608 1688 848 1751 meminerimus
860 1688 1055 1770 ·-'fanatioo

44 1774 167 1837 furore
189 1770 353 1851 simulato,
382 1770 459 1833 dum
486 1768 600 1855 Syriae
627 1771 707 1835 deae
739 1791 846 1835 comas
869 1771 983 1854 iactat,
1013 1773 1056 1851 ad

52 1857 240 1922 libertatem
257 1863 288 1917 et
305 1875 395 1917 arma
414 1874 525 1917 servos
543 1855 637 1940 quasi
647 1856 815 1919 numinum
831 1853 967 1940 imperio
981 1877 1055 1920 con-

53 1940 186 2021 citavit3
208 1937 306 2023 idque
327 1947 363 2001 ut
388 1937 543 2000 divinitus
572 1938 643 2001 fieri
667 1938 835 2024 probaret,
860 1938 896 2001 in
917 1961 972 2004 ore
999 1938 1081 2004 abt

55 2024 129 2089 dita
153 2043 235 2086 nuce
257 2043 353 2107 quam
381 2020 535 2106 sulphure
561 2031 593 2086 et
618 2022 755 2106 ignisti
778 2030 905 2104 averat,
939 2023 1057 2090 leniter
1112 2069 1114 2073 -

52 2106 219 2192 inspirans
240 2105 402 2169 flammam
422 2106 507 2169 inter
528 2106 630 2170 verba
646 2045 820 2171 fundebat.
841 2104 903 2169 hoo
920 2107 1082 2176 miracu-s

52 2193 125 2257 lum
151 2190 255 2276 primo
284 2189 348 2263 duo
377 2188 467 2251 milia
494 2210 537 2252 ex
563 2188 683 2270 obviis,
706 2211 784 2253 mox
808 2189 878 2251 iure
903 2188 982 2253 bolli
1007 2211 1055 2253 re·

52 2275 170 2341 fractis
191 2272 363 2357 ergastulis
385 2272 556 2356 sexaginta
573 2273 711 2358 amplius
728 2271 853 2335 milium
869 2271 947 2335 fecit
965 2293 1055 2335 exer·

53 2360 172 2439 oitum3
195 2357 361 2441 regisque,
382 2376 423 2419 ne
449 2355 528 2443 quid
548 2356 626 2420 mali
647 2358 789 2437 deesset,
816 2354 986 2419 decoratus
1008 2356 1056 2418 in-

55 2438 207 2526 signibus
230 2439 378 2520 castella,
408 2439 513 2520 vicos,
537 2439 656 2524 oppida
675 2438 855 2504 miserabili
877 2439 1056 2525 direptione

53 2525 210 2590 vastavit.
234 2523 336 2609 quid?
356 2523 439 2587 illud
466 2545 593 2610 quoque
621 2524 768 2589 ultimum
797 2520 938 2587 dedecus
965 2521 1080 2604 belli,7

53 2631 95 2674 ca
118 2616 153 2671 ta
175 2617 250 2671 sunt
272 2616 378 2671 castra
399 2616 599 2706 praetorum,
621 2629 682 2671 neo
702 2608 868 2672 nominare
886 2608 973 2692 ipsos
998 2629 1055 2705 pu-

54 2631 163 2772 deliit,
185 2700 292 2755 castra
312 2691 440 2772 Manhi,
465 2690 613 2773 Lentuli,
642 2690 788 2772 Pisonis,
809 2690 966 2777 Hypsaei.
997 2699 1055 2754 1ta-

79 2797 122 2841 ue
134 2776 189 2860 qui
201 2798 259 2861 per
275 2776 480 2859 fugitivarios
497 2773 641 2839 abstrahi
659 2774 857 2856 debuissent,
874 2775 1054 2858 praetorios

44 2798 159 2925 *duces
177 2858 333 2958 profugos
354 2859 477 2944 proelio
495 2859 558 2944 ipsi
581 2858 809 2944 sequebantur.
831 2857 961 2922 tandem
978 2856 1054 2920 Per-

54 2964 159 3029 perna
181 2951 374 3028 rmperatore
396 2964 434 3006 su
479 2942 589 3006 linium
611 2942 652 3006 de
669 2944 716 3006 eis
738 2950 899 3027 sumptum
916 2949 975 3003 est.
1002 2938 1081 3005 hice

54 3027 144 3090 enim
161 3027 264 3091 victos
287 3036 319 3090 et
340 3048 360 3107 a
382 3036 418 3090 ut
474 3047 589 3090 ennam
611 3027 788 3090 novissime
810 3024 960 3089 obsessos
982 3045 1056 3088 cum

53 3109 142 3175 fame
165 3110 258 3196 quasi
303 3132 337 3174 es
355 3110 362 3125 ’
377 3112 465 3174 entia
495 3104 760 3194 consumpsisset,
783 3104 937 3194 reliquias
959 3107 1066 3173 latro·

54 3215 146 3258 num
160 3215 271 3278 compe
297 3193 369 3259 'bus
390 3193 512 3258 catenis
530 3194 680 3257 crucibus
703 3215 743 3256 ue
764 3192 910 3276 punivit3
931 3190 1055 3276 fuitque

44 3277 99 3341 tde
125 3278 228 3342 servis
248 3277 399 3341 ovatione
421 3285 589 3342 contentus
596 3325 605 3358 ,
629 3215 884 3360 nebigmwtem
901 3273 1056 3360 triumphi

55 3361 171 3427 servili
190 3361 400 3445 inscriptione
425 3361 571 3425 violaret.

140 3443 286 3510 Vixdum
305 3442 524 3530 respiraverat
546 3442 667 3525 insula,
691 3463 764 3507 cum
786 3442 894 3507 statim
916 3439 1081 3508 Servilios
