2348 3818
105 167 144 235 24
170 221 199 267 Χ,
275 160 278 164 ’
404 217 406 223 ,
472 179 565 228 nvcn
588 180 731 228 nuruum

104 332 200 397 bazcs
222 331 379 416 originem
400 331 503 414 ducit,
547 353 621 396 uem
642 331 840 397 conditorem
859 334 952 420 regni
967 333 1069 400 Mithri·
1117 399 1118 402 ,

105 416 187 480 datis
208 416 309 480 fuisse
330 415 502 480 confirmat¹
560 415 686 480 llustius
709 415 853 502 Crispus.
887 481 893 493 ,

285 556 415 622 xxm.
459 556 604 622 nuens
624 555 912 622 chamenun.
944 625 954 632 ,
1028 520 1033 555 ’“

81 683 94 733 1
188 669 339 734 Seleucus
366 668 552 734 'Alexandri
583 668 769 733 Macedonis
794 671 933 736 amicus.
985 673 1071 738 Huius

101 763 174 840 post
193 761 327 816 mortem
347 753 390 817 ab'
400 753 540 818 Aridaeo
559 753 659 816 fratre
682 753 750 815 eius
771 753 877 818 iussus
884 754 1093 842 Babylonenl

102 839 245 922 optinere
272 835 423 900 finitimos
450 836 510 901 sub
536 859 571 900 se
597 837 738 919 redegit,
771 836 857 900 unde
885 837 1016 904 Nicator
1039 845 1073 903 est

101 921 294 1020 appellatus,
320 928 351 983 et
375 929 440 984 tres
459 919 675 985 validissimas
696 918 794 983 urbes
816 923 995 1005 constituit,
1023 923 1073 987 An·

77 1005 268 1086 2trochiam,
296 1002 488 1084 Seleuciam,
513 1002 711 1069 Laodiciam.
753 1003 909 1087 Arsaces,
938 1006 1039 1071 forma
1052 1009 1076 1068 et
1116 1018 1119 1089 ξ

100 1090 219 1153 virtute
238 1089 445 1174 praecipuus,
473 1089 564 1152 cuius
607 1088 704 1150 osteri
724 1086 903 1152 Arsacidae
931 1089 1077 1174 cognomi-⁴

100 1172 168 1235 nati
181 1180 269 1254 sunt,
290 1173 345 1258 qui
360 1192 472 1257 pacem
493 1192 566 1235 cum
578 1109 668 1234 Sulla
686 1172 985 1257 imperatorefecit.
1011 1173 1099 1238 Ores

75 1256 174 1336 ades,
198 1256 253 1340 qui
273 1255 387 1320 foedus
409 1276 482 1325 cum
505 1254 564 1318 Cn.
582 1255 735 1338 Pompeio
753 1256 926 1338 percussit,
948 1268 977 1320 et
997 1257 1077 1322 Cras·

101 1360 172 1402 sum
187 1360 259 1402 cum
276 1337 457 1422 legionibus
471 1337 556 1423 apud
571 1337 687 1403 Carras
702 1337 832 1401 funesta
846 1337 940 1404 clade
961 1339 1077 1405 delerit

76 1421 257 1505 ePacorus,
284 1423 339 1507 qui
354 1421 465 1497 ,filium
492 1444 585 1485 suum
610 1420 754 1484 eiusdem
781 1422 921 1486 nominis
943 1424 1031 1487 misit
1054 1424 1080 1486 in

101 1504 241 1591 Syriam,
276 1515 312 1570 ut
337 1506 498 1570 Romanas
548 1506 708 1568 rovincias
736 1503 961 1590 popularetur,
995 1516 1079 1594 atquc

101 1590 171 1674 ipse
191 1610 212 1653 a
230 1589 382 1655 Ventidio
403 1588 509 1674 legato
525 1528 607 1664 iulii
628 1587 776 1652 Caesaris
799 1590 924 1653 occisus
947 1599 1007 1656 est.
1085 1597 1102 1638 ¹⁵

101 1729 248 1794 XXXII.
276 1730 421 1796 REGES
440 1728 754 1797 CAPPADOCIAE
769 1728 829 1793 ET
842 1729 1080 1797 ARMENIAE.

78 1857 91 1906 1
186 1838 353 1924 Tigranes,
376 1843 431 1927 qui
452 1844 516 1905 iam
536 1839 672 1926 scriptus
692 1849 754 1922 est3
774 1841 830 1927 qui
851 1838 957 1928 [tertio
970 1844 1081 1907 Punico

99 1923 185 1989 bello
222 1923 378 1987 erdomuit
397 1924 456 1989 sub
470 1925 619 1988 Mancino
634 1923 764 1987 consule
780 1933 811 1988 et
825 1914 975 2023 Scipione
986 1924 1081 1993 Aemi·

77 1945 219 2107 chauci
260 2006 385 2088 Bellus,
413 2030 472 2073 rex
498 2007 671 2071 Armeniae
719 2009 753 2070 ui
780 2029 853 2071 cum
878 2009 1081 2095 rmpetumin

102 2091 271 2156 Graeclam
292 2091 424 2173 fecisset
450 2100 481 2155 et
497 2091 608 2177 Pythii
623 2031 785 2177 Apollinis
807 2090 963 2190 templum
984 2095 1103 2157 incer-a

76 2175 210 2256 edisset,
230 2183 419 2262 tempestate
439 2184 470 2240 et
488 2175 608 2259 frigore
630 2177 806 2239 exercitum
823 2176 940 2240 amisit.
1027 2175 1081 2260 oly-

101 2259 215 2348 crates]
239 2282 298 2324 rex
311 2260 379 2347 Cap
402 2260 533 2323 adoniae
554 2259 609 2358 qui
631 2261 803 2323 somniavit
821 2258 922 2324 solem
937 2270 970 2324 et
997 2276 1083 2324 unam

74 2344 152 2408 euri
166 2341 241 2489 (pqui
262 2365 281 2408 a
301 2283 464 2431 praeiecto
485 2344 581 2407 Darir
603 2345 689 2427 regis
712 2344 837 2406 occisus
859 2351 919 2406 ost.
963 2340 1082 2429 Epami·

99 2447 164 2490 non
188 2425 234 2514 as]
263 2429 331 2492 eius
358 2428 443 2492 filius
470 2449 544 2508 rex,
579 2425 645 2514 [qui
670 2424 798 2490 Thebas
828 2425 1027 2490 Graecorum
1048 2420 1082 2462 i*

75 2510 272 2594 epugnando
294 2513 382 2575 vicit.
426 2510 603 2575 Periander
621 2532 694 2592 rex,
724 2511 779 2596 qui
800 2509 950 2575 Corinthi
977 2521 1104 2594 regno-²⁵

76 2593 150 2656 evit
169 2592 210 2629 ³¹²*
231 2595 337 2657 omnia
357 2603 443 2658 terra
471 2605 502 2659 et
521 2594 602 2658 mari
621 2595 774 2658 Romanis
795 2592 995 2678 subiugavit.
1038 2588 1081 2652 'li-

99 2675 240 2755 moleon,
270 2679 325 2762 qui
347 2676 495 2741 Corinthi
519 2679 652 2742 fratrem
673 2699 765 2742 auum
784 2685 975 2761 regnantem
997 2677 1081 2740 inter

98 2760 191 2825 fecit:
213 2759 298 2824 idem
311 2768 342 2823 et
353 2759 548 2846 Dionysium
560 2760 690 2826 Siciliae
711 2782 821 2845 regem
843 2756 968 2845 eupulit
989 2774 1084 2844 neque

98 2848 167 2931 ipso
189 2844 230 2908 ab
254 2843 460 2909 offerentibus
485 2868 620 2929 regnum
640 2847 778 2930 accepit,
807 2843 865 2908 sed
888 2863 999 2907 arcem
1017 2859 1083 2941 quo·

99 2951 161 3014 que
186 2929 355 2993 demolitus
385 2937 443 2992 est.
492 2930 556 2994 Hic
583 2951 656 2993 cum
677 2929 819 2993 convitia
843 2926 930 2990 mala
956 2925 1107 3003 audiretur

100 3013 160 3077 ait:
184 3021 268 3078 ‘tota
285 3015 353 3078 vita
366 3035 438 3078 mea
459 3011 567 3097 id'egi
587 3023 624 3077 ut
644 3034 753 3078 omnes
770 3011 865 3076 liberi
886 3006 1064 3094 essemus’l

161 3136 326 3202 XXXIII.
379 3135 525 3204 REGES
555 3136 688 3201 ASIAE
721 3135 781 3200 ET
811 3132 1028 3217 PERGAMI.

78 3265 89 3313 1
183 3247 345 3312 Eumenes
368 3239 547 3314 Cardianus
567 3248 709 3334 Philippi
729 3247 749 3286 '¹‘
760 3247 778 3285 ²¹¹
798 3243 981 3310 Alexandri
998 3243 1085 3309 armi·

100 3351 159 3414 gor
178 3329 450 3414 bellicosissimus,
472 3331 532 3397 sed
547 3353 660 3417 parum
677 3352 832 3417 prospera
852 3330 984 3407 fortuna
1003 3347 1086 3407 usur,

101 3413 182 3479 adeo
202 3421 309 3479 tamen
329 3414 497 3511 terribilis,
522 3422 559 3480 ut
584 3415 715 3480 vivente
743 3436 781 3480 eo
801 3435 895 3479 nemo
923 3431 1022 3478 ausus
1048 3410 1112 3475 sita
