2356 3818
125 116 165 179 86
480 125 586 174 ruem
602 125 767 173 armona,

81 294 111 344 61
207 274 248 339 In
272 276 354 339 Asia
385 297 513 362 quoque
546 295 650 338 novus
680 296 789 338 rernm
820 282 926 339 motus
956 298 980 341 a
1008 278 1126 364 Ponto,¹

122 361 214 447 quasi
235 359 276 423 dc
293 359 453 423 industria
475 366 623 503 captante
643 356 773 421 fortuna
792 357 878 425 hunc
899 358 1123 429 Mithridation

122 464 222 527 regno
245 443 382 524 exitum,
407 450 444 504 ut
470 462 491 504 a
540 441 664 524 ompeio
685 450 794 525 pater,
824 462 844 504 a
866 440 1011 508 Caesare
1038 446 1122 511 filins

79 544 113 595 cn
121 527 315 589 vinceretur.
359 547 419 588 rex
439 523 624 586 Pharnaces
646 524 749 607 magis
778 524 960 589 discordiae
991 538 1123 593 nonme

121 608 242 673 fiducia
273 629 371 694 quam
397 628 474 670 suae
510 607 639 669 virtutis
667 606 786 672 infesto
816 609 851 670 in
879 606 1143 693 Cappadociam

80 694 252 776 esagmine
279 690 404 754 ruebat.
448 689 507 752 sed
533 689 618 752 hunc
641 688 761 754 Caesar
787 691 963 774 adgressus
990 714 1064 759 uno
1086 704 1122 777 et,

122 785 158 840 ut
186 777 233 839 sic
261 774 414 853 dixerim,
440 792 506 835 non
535 781 602 837 toto
625 773 748 859 proelio
771 773 919 855 obtrivit,
949 796 1047 841 more
1066 776 1121 843 fnl-

122 860 234 938 minis,
257 855 343 942 quod
362 876 427 919 uno
448 855 623 942 eodemque
644 866 804 920 momento
825 858 930 938 venit,
948 862 1120 942 percussit,
1172 903 1178 928 .

122 942 289 1005 abscessit.
338 959 399 1002 nec
425 958 510 1001 vana
539 938 580 1002 de
602 960 637 1002 se
657 939 854 1024 praedicatio
882 948 931 1004 est
959 939 1119 1024 Caesaris,

122 1033 197 1087 ante
218 1023 343 1084 hostem
364 1021 486 1084 victum
507 1042 579 1085 esse
601 1042 696 1107 quam
716 1024 833 1086 visum.
967 1048 971 1055 ·
1121 1040 1177 1099 a,t

79 1120 113 1168 64
207 1102 261 1166 Sic
281 1125 354 1166 cum
375 1105 510 1185 exteris3
532 1111 566 1167 at
580 1106 621 1168 'in
641 1104 848 1169 Africanum
870 1106 1000 1171 civibus
1020 1108 1116 1173 multe
1165 1147 1173 1173 ι

122 1188 261 1251 atrocius
291 1207 387 1271 quam
419 1188 453 1249 in
484 1186 663 1251 Pharsalia.
713 1188 767 1252 hic
796 1188 859 1252 reli
880 1190 950 1252 uias
979 1193 1115 1275 partium

121 1268 353 1352 naufragarum
374 1269 505 1356 quidam
525 1270 623 1354 fugae
650 1280 759 1337 aestus
782 1293 845 1356 exp
882 1281 967 1354 erat,
990 1295 1056 1339 nec
1073 1294 1113 1339 re
1154 1306 1171 1343 ε

78 1353 237 1439 taliquias
260 1353 401 1435 diceres,
425 1352 483 1416 sed
504 1354 665 1438 integrum
684 1354 816 1419 bellum.
860 1376 994 1439 sparsae
1014 1356 1112 1441 magis
1170 1393 1178 1419 t

141 1458 217 1501 uam
235 1458 409 1534 oppressae
423 1437 510 1501 vires
522 1446 629 1519 erant3
650 1447 785 1501 auxerat
801 1446 1041 1503 sacramentum
1050 1442 1127 1525 ipssa
1146 1478 1176 1512 ι

120 1459 228 1584 hladcs
250 1521 467 1605 imperatoris,
487 1540 548 1583 nec
567 1520 784 1603 degenerabat
805 1520 922 1585 dueum
943 1522 1109 1587 successio
1165 1557 1178 1585 ·

120 1604 239 1688 quippe
268 1604 346 1665 satis
374 1602 478 1685 ample
506 1600 664 1664 sonabant
694 1603 730 1665 in
756 1604 837 1668 Pom
859 1605 945 1667 ciani
978 1604 1109 1669 nominis
1164 1641 1178 1667 ι

120 1685 232 1755 locum,
249 1683 330 1748 Cato
353 1693 384 1747 et
396 1682 514 1766 Scipio·
538 1685 674 1746 accessit
695 1687 796 1768 copiis
817 1626 1109 1752 lllauretaniaarax
1156 1699 1170 1711 ·

79 1766 218 1845 oquba,
246 1765 399 1828 videlicet
422 1773 458 1827 nt
479 1764 575 1827 latius
594 1767 739 1828 vinceret
760 1765 890 1831 Cacsar.
934 1768 1126 1917 nihillioqqu'
1164 1807 1178 1832 2

1099 1894 1106 1930 ι
1146 1888 1154 1927 r

120 1852 203 1912 inter
230 1845 431 1909 Pharsaliam
457 1854 489 1908 et
517 1845 684 1932 Thapson,
714 1849 779 1912 nisi
811 1849 898 1934 quod
923 1871 976 1912 am

121 1950 221 2014 eoque
248 1929 353 1993 acrior
376 1928 651 1994 Caesareanorum
679 1932 724 1994 im
746 1940 816 1995 etus
843 1932 919 2013 fuit,
945 1874 1107 2019 inldigmn
1174 1955 1178 1988 ι

119 2014 200 2077 tium
212 2016 292 2099 'post
312 2011 501 2098 Pompeium
522 2014 664 2092 crevisse
690 1953 827 2096 bellum3
855 2016 1008 2100 denique,
1033 2013 1108 2105 qnod

120 2096 201 2160 alias
225 2117 414 2184 numquam,
444 2105 518 2160 ante
542 2098 712 2182 imperium
743 2096 838 2161 ducis
858 2119 917 2161 sna
939 2108 1057 2182 sponte
1074 2100 1107 2163 si·

76 2198 109 2248 67
119 2201 186 2265 gna
206 2181 401 2245 cecinerunt.
430 2189 461 2244 et
481 2180 621 2265 primum
637 2191 762 2265 strages
783 2202 803 2244 a
822 2180 906 2245 Iuba
924 2182 1044 2265 coepit,
1064 2201 1108 2245 cu·

119 2266 170 2328 ins
198 2263 360 2360 elephanti
384 2263 543 2328 bellorum
569 2264 665 2328 rudes
695 2273 727 2328 et
755 2286 857 2348 nuper
884 2285 904 2327 a
933 2263 1019 2326 silva
1041 2280 1160 2343 eon-²⁵2

121 2354 254 2411 sternam
273 2346 379 2409 subito
401 2347 552 2429 clangore
570 2346 722 2411 lituorum
742 2349 777 2410 in
798 2368 872 2411 suos
888 2369 959 2411 sese
981 2347 1109 2411 circum·

120 2447 226 2510 cgere.
271 2429 379 2491 statim
400 2430 559 2492 exercitus
580 2430 616 2491 in
636 2429 762 2512 fugam,
790 2451 850 2493 nec
879 2431 977 2495 duces
998 2427 1108 2493 fortius

119 2529 216 2594 quam
243 2519 279 2572 ut
309 2510 373 2573 effu
397 2519 497 2573 erent.
549 2533 614 2576 non
648 2513 857 2597 inconspicua
886 2522 996 2577 tamen
1028 2530 1109 2577 mors

77 2592 271 2658 tssomnium.
294 2593 358 2655 iam
373 2532 487 2678 gScipio
508 2615 592 2658 nave
613 2595 774 2678 fugiebat3
796 2597 855 2660 sed
876 2595 1041 2661 adsecutis
1061 2594 1110 2659 ho

119 2675 222 2739 stibus
248 2673 394 2758 gladium
416 2698 475 2762 per
500 2678 629 2741 viscera
650 2681 760 2762 exegit
783 2686 827 2761 et,
853 2679 912 2742 ubi
932 2685 1018 2741 esset
1061 2697 1134 2742 nea
1157 2726 1171 2765 3

119 2759 193 2823 dam
213 2760 411 2843 requirente,
438 2760 605 2847 respondit
625 2761 687 2825 hoc
712 2763 818 2846 ipsum
840 2762 940 2825 ‘bene
962 2759 1064 2825 seha
1099 2768 1111 2823 t

77 2843 323 2927 coimperatcr.'
366 2842 450 2907 Iuba
476 2865 550 2907 cum
575 2865 611 2907 se
637 2847 814 2929 recepisset
834 2847 868 2909 in
888 2845 1028 2928 regiam,
1052 2864 1111 2909 ma·

118 2925 236 3008 gnifica
269 2925 416 3010 epulatus
444 2933 493 2990 cst
517 2936 647 3011 postero
674 2928 727 2992 die
755 2949 827 2991 cum
853 2928 982 2993 Petreio
1018 2927 1112 3012 fugae

118 3010 235 3071 comite
262 3030 422 3108 superque
447 3031 575 3073 mensas
605 3019 637 3074 et
658 3010 774 3095 pocula
801 3009 1064 3078 interficiendum
1082 3029 1113 3075 sc

119 3091 150 3152 ei
170 3091 329 3175 praeburt.
374 3092 430 3157 ille
450 3101 482 3157 et
500 3095 571 3177 regi
592 3094 718 3158 suffecit
737 3103 769 3157 et
790 3095 867 3177 sibi,
890 3116 963 3159 cum
986 3095 1135 3159 interimo
1162 3164 1168 3178 ‚

120 3175 237 3235 semesi
258 3175 293 3237 in
313 3177 420 3240 medio
442 3174 508 3239 cibi
529 3185 562 3240 ct
580 3177 759 3262 parentalia
772 3178 896 3243 fercula
912 3178 1003 3261 regio
1021 3173 1115 3257 simul

78 3274 111 3323 70
121 3253 329 3343 Romanoque
358 3261 515 3344 sanguine
540 3259 722 3325 madebant.
774 3261 853 3326 Cato
878 3283 944 3327 ncn
970 3259 1116 3325 interfuit

118 3336 214 3401 bello.
257 3343 371 3423 positis
409 3350 487 3427 aput
509 3342 694 3443 Bagradam
720 3342 836 3408 castris
861 3346 992 3410 Vticam
1012 3342 1118 3409 veluti
