2356 3818
146 221 184 286 18
508 228 602 281 avon
619 231 764 281 mnan

184 396 329 486 xum.
362 380 654 503 common
669 416 718 481 ru
740 373 864 483 noca
882 398 1104 487 hunnum

208 526 212 531 ·
445 528 453 559 =
511 516 766 582 nnvsrnns.

119 657 131 706 1
227 637 396 701 Menenius
417 635 579 720 Agrippa,
607 636 662 721 qui
684 634 893 699 dissidentem
913 636 1078 734 populum
1098 660 1139 704 se-

117 724 232 789 anatui
258 719 343 785 conli
367 721 434 783 avit
464 728 560 804 atque
591 718 786 782 conciliavit.
843 718 970 803 Apprus
1006 721 1139 804 Caecus,

37 866 41 877 ,
143 807 197 892 qui
213 826 326 891 paoem
337 741 455 888 Pyrrhi
472 801 612 884 diremit,
631 824 672 865 ne
688 801 841 887 populus,
851 851 854 861 .
864 803 920 888 qui
936 804 1008 866 suis
1053 824 1154 870 areret

118 888 304 969 3voluerat,
342 886 401 950 sub
431 886 573 948 externis
598 885 731 969 regibus
759 895 936 969 regeretur.
988 827 1139 953 Tiheriua

143 972 325 1053 Gracchus,
363 970 418 1055 qui
445 964 628 1053 Scipionem
652 969 832 1032 Asiaticum
860 971 1012 1055 quamvis
1041 973 1141 1035 inimi·

141 1078 215 1121 cum
236 1054 384 1132 haberet,
417 1074 482 1116 non
504 1060 553 1114 est
574 1072 688 1137 passus
710 1074 730 1115 a
752 1051 891 1116 tribunis
915 1054 949 1116 in
976 1075 1140 1120 carcerem

124 1132 232 1219 duci,
259 1136 345 1285 (huod
368 1136 490 1200 diceret
510 1135 603 1198 nefas
623 1135 670 1201 ibi
692 1157 763 1198 esse
783 1134 987 1221 Scipionem,
1012 1138 1074 1204 ubi
1096 1162 1141 1204 aa·

141 1223 224 1309 ptivi
251 1222 263 1283 i
288 1221 338 1284 ius
366 1219 471 1283 adhuc
493 1217 616 1301 alligati
640 1227 836 1283 tenerentur.
880 1219 944 1283 Hic
966 1230 1020 1286 est
1043 1223 1164 1288 Grac-a

142 1307 275 1370 chorum
292 1313 399 1388 pater,
426 1305 482 1389 qui
505 1303 540 1364 in
556 1301 734 1383 tribunatu,
758 1322 831 1366 cum
849 1325 871 1367 a
910 1305 990 1368 ariis
1015 1305 1142 1391 legibus

116 1389 317 1460 aseditiones
346 1388 541 1466 excitarent,
568 1385 731 1449 interiecti
753 1394 837 1450 sunt.
915 1388 1042 1453 ecimus
1064 1390 1141 1455 Bru·

90 1528 93 1539 .
142 1483 194 1538 tus
222 1470 400 1552 Callaicus,
447 1470 503 1569 qui
536 1467 573 1533 C.
602 1468 785 1533 Gracchum
816 1491 973 1554 generum
1005 1475 1140 1557 agrariis

143 1555 270 1640 legibus
295 1557 344 1618 rei
374 1553 524 1640 publrcae
554 1561 671 1617 statum
700 1552 884 1618 turbantem
908 1576 984 1618 oum
1013 1557 1140 1643 Opimio

118 1640 274 1713 sconsule
295 1639 465 1724 oppressit.
507 1635 553 1700 M.
574 1636 710 1718 Brutus,
733 1632 787 1723 qui
807 1637 941 1723 Pompei
959 1649 1077 1724 partes
1096 1657 1161 1727 aaa

142 1732 250 1804 cutus,
271 1744 347 1786 mox
368 1743 388 1784 a
410 1720 549 1785 Caesare
569 1721 739 1784 restitutus
761 1722 795 1783 in
815 1730 951 1785 mortem
974 1725 1049 1788 eius
1074 1746 1139 1789 con·

95 1807 277 1885 rimavit,
310 1803 396 1889 quod
414 1805 565 1867 affectare
585 1826 702 1867 nomen
722 1806 847 1888 regium
867 1805 1049 1871 videretur.
1092 1808 1138 1872 Li·

142 1890 215 1952 vius
242 1887 385 1967 Drusus,
411 1888 466 1971 qui
494 1888 630 1968 agrariis
657 1886 783 1969 legibus
812 1888 1030 1972 promulgatis
1047 1914 1137 1957 sum·

133 1993 229 2036 ‘mum
245 1968 356 2056 populi
375 1970 512 2037 Romani
531 1969 676 2033 favorem
697 1979 902 2052 consecutus,
923 1993 964 2035 ne
983 1976 1136 2058 p'romissa

143 2054 325 2155 perficeret,
347 2075 406 2139 per
427 2053 561 2116 insidias
586 2075 606 2116 a
624 2053 710 2116 Phili
733 2075 775 2139 po
799 2056 931 2119 consule
950 2055 1042 2122 domi
1067 2080 1153 2125 succa
1176 2129 1177 2133 ,

119 2138 332 2208 amterfectus
360 2146 419 2201 est.
461 2136 610 2200 Lutatius
636 2076 786 2218 Catulus,
814 2141 868 2225 qui
888 2138 1054 2224 Lepidum
1073 2152 1136 2207 acta

145 2222 254 2288 Sullae
273 2221 456 2287 rescindere
476 2221 639 2285 volentem
659 2222 787 2285 admoto
806 2224 952 2286 exercitu
975 2223 1078 2289 Italia
1094 2226 1135 2290 su·
1176 2240 1177 2301 j

146 2308 236 2392 gavit
263 2314 296 2370 et
324 2305 411 2370 solus
441 2307 583 2370 omnium
605 2306 675 2369 sine
710 2307 866 2389 sanguine
891 2305 1017 2371 bellum
1046 2309 1136 2375 civile
1176 2378 1177 2383 γ

122 2389 295 2458 aconfecit.
345 2389 426 2454 Cato
448 2388 638 2471 Censorius,
663 2390 857 2474 quitotiens
884 2380 1057 2457 accusatus
1084 2401 1135 2473 est,
1176 2429 1177 2435 κ

146 2481 178 2536 et
198 2470 303 2557 quoad
321 2474 404 2536 vixit
417 2473 561 2536 nocentis
582 2494 732 2538 accusare
749 2495 814 2538 non
830 2473 964 2537 destitit.
1008 2475 1077 2541 Hic
1092 2485 1152 2542 eata
1176 2530 1177 2535 1

146 2556 288 2618 omnium
304 2576 412 2617 rerum
430 2557 643 2640 peritissimus
664 2564 709 2636 et,
726 2565 762 2619 ut
784 2556 935 2621 Sallustio
955 2555 1077 2645 Crispo
1095 2562 1135 2625 vi-
1169 2599 1172 2606 ·

120 2637 256 2718 edetur,
271 2637 408 2701 Romani
426 2639 553 2721 generis
567 2637 806 2703 disertissimus
852 2640 932 2705 Cato
949 2646 1134 2726 praetorius,

147 2722 201 2808 qui
228 2719 314 2784 hello
345 2719 433 2783 civili
450 2729 569 2805 *partes
594 2721 727 2806 Pompei
758 2732 885 2787 secutus
914 2727 999 2789 mori
1027 2727 1136 2791 maluit

107 2819 140 2872 10
149 2826 244 2904 quam
265 2812 426 2902 superstes
450 2820 529 2902 esse'
542 2806 590 2867 rei
609 2805 758 2891 publicae
781 2808 944 2872 servienti.
965 2892 973 2908 ,
990 2808 1134 2891 Scaurus,

108 2984 135 3035 11
148 2887 1041 3062 tilJeliaillalldtllithlhuatffmth,
1068 2907 1153 3066 ‘tlt’

147 3078 213 3120 non
226 3057 287 3119 rite
301 3055 510 3139 inauguratus
523 3055 634 3118 consul
644 3056 824 3141 videretur,
844 3059 1015 3124 consulatu
1032 3083 1071 3126 ae
1088 3062 1134 3126 ah

148 3140 269 3205 dicavit
290 3146 322 3202 et
347 3138 475 3203 domitis
500 3137 659 3202 Dalmatis
685 3139 827 3205 oblatum
849 3163 869 3205 a
896 3153 1011 3208 senatu
1029 3147 1141 3211 trium·x
1170 3138 1172 3155 '

148 3223 246 3306 phum
275 3223 458 3307 repudiavit
488 3231 687 3309 statuasque,
727 3247 805 3311 quas
838 3226 901 3290 sibi
935 3228 1076 3315 quisque
1106 3230 1135 3292 in

142 3304 276 3389 publico
294 3313 462 3391 posuerat,
487 3307 523 3369 in
538 3328 673 3371 censura
686 3330 745 3393 sua
765 3309 903 3374 sustulit
949 3310 1089 3377 Censuit
1103 3314 1154 3377 ina

116 3376 253 3453 *senatu
281 3399 394 3456 tamen
421 3388 658 3477 Carthaginem
676 3413 747 3455 non
767 3413 839 3455 esse
855 3393 1039 3458 delendam:
1068 3416 1135 3481 pro

72 3486 113 3537 12
115 3478 242 3557 pterea
279 3478 430 3565 optimus
462 3477 644 3544 iudicatus.
693 3472 870 3541 Cornelius
892 3471 1081 3552 Cethegos,
1103 3477 1155 3554 epu
