2356 3818
217 220 321 299 amns
341 221 566 272 unicornus.
586 206 886 294 XXH—XXVII.
1004 215 1043 279 21
1092 214 1097 233 ‘

52 373 174 438 niculo.
218 349 341 464 Quarta
367 373 506 438 secessio
534 375 569 437 in
594 375 665 469 ipro
684 385 815 524 propter
834 379 1075 463 magistratus,4

55 455 217 605 pittpvlptbei
244 447 391 520 consules
412 456 541 540 fierent,
570 479 665 546 quam
709 461 845 545 ulpioius
867 459 956 526 Stolo
976 484 1048 528 con-

221 654 224 659 <
328 654 456 722 xxvi.
500 655 776 747 summanus.

44 830 47 851 .
142 789 322 855 Seditiones
350 791 385 854 in
409 789 490 854 urbe
515 799 673 876 quattuor.
717 791 827 855 Prima
853 792 966 857 seditio
994 793 1071 858 'li-1

55 874 128 940 beri
148 874 302 955 Gracchi,
331 896 425 960 quem
447 873 486 937 de
509 874 685 938 iudiciariis
709 885 740 939 et
761 877 896 959 agrariis
923 875 1049 960 legibus
1086 887 1090 891 “

57 967 175 1041 statum
203 958 342 1021 civitatis
364 965 547 1021 moventem
569 955 675 1044 Scipio
696 957 816 1022 Nasica
841 960 927 1022 sacta
952 981 1050 1025 manu

56 1045 91 1106 in
105 1038 264 1126 Capitolio
284 1041 452 1127 oppressit.
486 1038 634 1105 Secunda
646 1042 760 1106 seditio
775 1040 811 1108 G.
826 1042 964 1108 Gracchi
984 1043 1074 1114 fra-2

56 1127 115 1190 tris
143 1125 227 1207 eius,
263 1146 357 1211 quem
385 1123 426 1188 ob
453 1124 573 1188 similes
599 1124 787 1209 largitiones
814 1148 916 1191 novos
942 1135 1047 1191 motus

44 1208 251 1274 tcxcitantem
279 1207 425 1308 Opimius
454 1207 566 1272 consul
592 1230 665 1271 cum
689 1209 825 1274 Decimo
846 1208 947 1274 Bruto
976 1209 1048 1274 Cal·
1160 1221 1166 1233 ‘

55 1293 148 1374 laico,
169 1312 279 1356 socero
295 1313 373 1374 ems,
389 1292 574 1357 convocatis
588 1291 630 1355 ad
642 1291 762 1377 pileum
778 1294 880 1357 servis
896 1295 932 1357 in
941 1294 1049 1359 Aven-

54 1379 123 1440 tino
144 1383 252 1438 monte
274 1377 441 1461 oppressit.
486 1370 596 1439 Tertia
616 1374 730 1439 seditio
751 1375 870 1461 Apulei
883 1375 1073 1444 Saturnini3

54 1458 178 1524 tribuni
201 1456 310 1549 plebis
337 1468 369 1522 et
392 1458 545 1523 Glauciae
573 1457 728 1541 consulis,
757 1480 836 1547 quos
856 1460 987 1523 comitia
1013 1462 1048 1524 in

54 1561 169 1628 campo
197 1539 350 1606 caedibus
380 1540 606 1626 perturbantes
636 1539 758 1606 Marius
788 1543 822 1605 in
855 1542 1049 1628 Capitolium
1167 1573 1172 1585 ·

44 1630 246 1712 ¹persecutus
273 1624 400 1689 obsedit
427 1634 458 1688 et
487 1623 702 1689 conficiendos
729 1624 868 1690 fustibus
897 1627 1049 1713 saxisque

54 1710 192 1774 curavit.
236 1706 357 1789 Quarta
377 1708 491 1773 seditio
513 1708 575 1772 fuit
591 1707 666 1772 Livi
677 1707 779 1773 Drusi
801 1718 832 1773 et
845 1709 956 1790 Quinti
969 1708 1074 1775 (lae-4

52 1793 177 1880 pionis,
197 1814 269 1856 cum
290 1791 345 1854 ille
368 1798 528 1874 sanatum,
550 1792 604 1856 hic
626 1803 805 1882 equestrem
827 1793 972 1858 ordinem
994 1792 1049 1856 ad-

53 1883 189 1940 sereret.
232 1875 416 1961 Praecipua
441 1883 548 1940 tamen
575 1876 618 1961 ad
643 1887 748 1941 motus
777 1873 965 1941 excitandos
987 1875 1050 1940 fuit

52 1980 171 2040 causa,
199 1960 284 2045 quod
302 1957 429 2022 Drusus
457 1960 620 2024 civitatem
646 1959 793 2025 omnibus
815 1960 936 2025 Italicis
958 1958 1049 2045 polli-

53 2042 208 2125 cebatur3
229 2043 287 2107 sed
307 2051 375 2106 tum
396 2064 416 2106 a
435 2042 586 2128 Philippo
608 2043 739 2111 consule
760 2045 795 2108 in
808 2045 901 2110 domo
924 2064 982 2107 sua
1002 2043 1049 2107 in·
1088 2048 1091 2054 '

51 2125 211 2195 terfectus
231 2135 288 2190 est.
353 2142 355 2147 ·

52 2297 204 2366 XXVII.
254 2294 332 2381 QVI
362 2296 597 2365 ADVERSVS
622 2299 824 2365 PATRIAM
849 2301 1065 2367 NEFARIA

353 2395 513 2461 INIERE
532 2394 750 2461 consum.

145 2541 333 2607 Coriolanus
364 2541 405 2607 ob
436 2544 631 2628 asperiorem
661 2566 821 2609 annonam
850 2546 885 2608 in
917 2546 1073 2612 exiliuml

54 2636 148 2692 actus
170 2627 361 2692 Vulscorum
388 2630 532 2692 exercitu
557 2628 684 2694 admoto
706 2630 843 2716 patriam
864 2651 1051 2716 expugnare

52 2709 176 2791 voluit,
204 2710 262 2775 sed
282 2709 436 2775 Voturiae
462 2713 751 2798 matrissprecibus
773 2715 894 2795 vietus,
920 2723 988 2777 tum
1008 2712 1050 2776 ab

54 2795 204 2860 exercitu
235 2814 292 2857 suo
320 2795 488 2859 confossus
516 2803 574 2860 est.
621 2795 781 2885 [Marcus]
812 2796 949 2860 Maelius
977 2810 1075 2859 cum2

53 2878 270 2944 trumentaria
286 2877 457 2960 largitione
473 2878 616 2957 affectare
630 2901 753 2959 reanum
768 2881 941 2960 videretur,
962 2880 1052 2943 iussu

55 2960 204 3042 Quinctii
226 2960 412 3025 Cincinnati
434 2963 600 3027 dictatoris
627 2986 647 3027 a
672 2966 826 3049 magistro
854 2964 996 3049 equitum
1016 2962 1052 3025 in

52 3045 171 3110 rostris
202 3046 335 3109 occisus.
361 3055 419 3110 cst.
473 3045 622 3133 Spurius,
661 3069 734 3111 cum
761 3047 897 3131 agrariis
923 3045 1076 3130 legibus3

53 3129 232 3196 factionem
254 3128 292 3191 'ot
313 3126 561 3195 dominationem
586 3140 715 3216 pararet
735 3130 785 3193 **.
827 3129 968 3194 Manlius
991 3127 1076 3201 Gar

53 3212 228 3300 pitolinus,
255 3232 329 3274 cum
349 3214 487 3297 pecunia
507 3214 686 3299 complures
709 3213 869 3279 debitores
889 3213 1051 3296 liberaret,

54 3305 227 3381 suspectus
255 3295 349 3377 regni
369 3298 510 3361 affectati
537 3298 577 3362 de
598 3298 737 3384 Tarpeio
760 3319 837 3362 saxo
863 3297 972 3397 praeci
995 3298 1051 3360 ‘ta-

52 3389 110 3444 tus
134 3388 192 3442 est.
239 3375 381 3443 Gatilina
401 3403 473 3446 cum
493 3381 529 3445 in
548 3383 685 3448 eaedem
702 3391 858 3462 senatus,
872 3381 1097 3468 xussn'pm's

51 3461 154 3569 uthis,
174 3461 393 3548 direptionem
415 3468 541 3535 aerarii
562 3469 780 3536 coniurasset
798 3474 836 3532 at
849 3459 1101 3528 intutam&
