2356 3818
56 275 61 304 ἢ
109 189 149 251 30
451 199 732 249 roomnrrronn.
775 163 777 170 ¹
846 235 851 255 ,

109 353 196 420 oaesi
207 351 249 416 ad
258 350 398 416 hostium
410 352 598 434 satietatem,
610 348 713 415 donee
722 349 866 414 Annibal
877 349 1000 416 diceret
1010 353 1109 418 militi

110 458 167 501 suo
186 443 294 520 ‘parce
310 435 420 499 ferro?
450 435 567 501 dueum
583 435 619 498 fn
644 435 668 497 't
685 433 776 515 alter,
794 433 876 497 alter
893 437 1022 499 occisus
1042 447 1108 522 est3

110 518 469 600 dubium,‚utermaiore
480 520 597 584 animo.
619 456 904 603 llauumpuduit,
921 516 1030 585 Varro
1042 543 1110 585 non

73 606 105 667 18
112 602 306 688 desperavit.
335 602 526 666 documenta
537 600 639 665 eladis
651 609 803 682 cruentus
815 599 1004 686 aliquandiu
1016 603 1109 667 Aufi-

111 687 180 767 dus,
192 707 272 770 pons
288 684 328 749 de
346 683 558 766 cadaveribus
576 685 668 748 iussu
685 683 777 747 ducis
788 683 893 747 factus
911 685 946 747 in
962 693 1129 755 torrentes

110 768 273 852 Vergello,
290 768 389 834 modii
400 767 463 830 duo
475 766 644 831 anulorum
657 765 887 913 Carthaginem
897 768 989 833 missi
1000 769 1109 855 digni-

68 859 223 938 rotasque
240 853 398 938 equestris
421 858 533 913 taxata
552 856 714 914 mensura.
744 849 787 912 du
811 851 878 914 ium
898 850 1018 917 deinde
1042 853 1109 918 no'n

111 936 172 999 erit
184 937 262 1021 quin
272 934 419 998 ultimum
429 932 522 997 illum
532 933 618 997 diem
628 932 778 997 habitura
789 932 887 997 fuerit
897 933 1001 998 Roma
1015 934 1108 1022 quin-

22 1092 24 1100 ,
49 1016 58 1031 ’
110 1029 241 1104 tumque
252 1019 336 1080 intra
348 1016 434 1080 diem
445 1016 570 1102 epulari
580 1016 724 1080 Annibal
734 1017 769 1080 in
781 1016 941 1102 Capitolio
952 1022 1107 1104 potuerit,

111 1104 147 1184 si,
167 1102 253 1188 quod
264 1099 409 1163 Poenum
420 1098 513 1164 illum
529 1099 652 1164 dixisse
668 1099 891 1167 Maharbalem
909 1092 1105 1168 Bomilcaris
1115 1127 1136 1168 ιο

110 1186 227 1264 ferunt,
246 1182 390 1247 Annibal
409 1206 504 1269 quem
520 1183 564 1247 ad
576 1183 706 1248 modum
725 1185 821 1247 sciret
839 1185 980 1267 vincere,
996 1186 1046 1251 sic
1059 1189 1108 1252 uti
1133 1225 1139 1237 ‹

65 1293 99 1343 20
109 1269 245 1331 victoria
257 1267 379 1329 scisset.
392 1275 441 1330 set
450 1275 519 1330 tum
530 1267 660 1352 quidem
669 1266 769 1349 illum,
781 1275 816 1330 ut
829 1267 893 1351 dici
904 1267 1001 1352 volgo
1014 1270 1108 1354 solet,

110 1359 167 1415 aut
187 1350 291 1413 fatum
310 1349 400 1423 urbis
422 1351 467 1415 im
490 1360 636 1414 araturae
658 1360 714 1415 aut
734 1351 746 1412 i
771 1352 837 1414 sius
860 1372 950 1415 mens
971 1353 1059 1417 mala
1076 1364 1109 1419 et

67 1464 97 1513 21
110 1435 218 1501 aversi
228 1455 248 1496 a
260 1432 459 1518 Carthagine
490 1436 496 1449 ‘
510 1435 544 1508 in
556 1433 720 1500 diversum
730 1373 942 1498 abstulerunt.
955 1457 1029 1500 eum
1041 1440 1108 1502 vie-

109 1519 193 1582 toria
203 1525 312 1604 posset
322 1519 379 1599 uti,
390 1518 456 1582 frui
464 1517 586 1599 maluit,
597 1519 774 1604 relictaque
784 1518 887 1592 Roma
896 1518 1107 1605 Campaniam
1117 1545 1136 1586 a

111 1602 350 1688 Tarentumque
366 1604 526 1687 perrexit3
552 1601 609 1666 ubi
628 1625 706 1666 mox
722 1611 754 1665 et
770 1603 873 1686 ipsius
892 1611 924 1666 et
943 1606 1108 1670 exercitus

42 1753 46 1761 ,
110 1686 207 1750 ardor
218 1685 370 1784 elanguit,
382 1687 463 1750 adeo
475 1694 511 1749 ut
521 1707 598 1749 vere
610 1685 731 1749 dietum
743 1685 784 1747 sit
797 1685 941 1770 Capuam
950 1687 1108 1753 Annibali

70 1787 103 1836 22
115 1769 244 1834 Cannas
255 1769 367 1837 fursee.
395 1771 426 1839 si
437 1769 567 1867 quidem
583 1768 741 1830 invictum
751 1767 891 1852 Alpibus
902 1770 1107 1836 indomitum-

112 1874 173 1940 que
187 1854 284 1917 armis
297 1852 454 1950 Campam
469 1886 511 1899 -
525 1851 596 1936 quis
608 1849 777 1912 erederet?
787 1886 831 1899 --
847 1850 931 1913 soles
949 1862 980 1916 et
995 1863 1107 1940 tepen-

110 1936 315 2002 tesfontibus
330 1933 648 2015 Baraesubegerrmt.
1112 1967 1132 2007 a

69 2039 101 2091 23
194 2021 392 2086 Permissum
408 2026 457 2093 est
473 2015 603 2079 interim
619 2014 780 2099 respirare
792 2015 945 2080 Romanis
964 2027 996 2080 et
1013 2024 1108 2104 quasi

112 2105 153 2169 ab
165 2105 278 2168 inferis
294 2121 468 2184 emergere.
495 2119 659 2178 armanon
671 2106 777 2167 erant:
790 2098 933 2163 detracta
943 2109 1017 2165 sunt
1027 2113 1106 2170 tem-

111 2189 185 2274 plis.
209 2186 497 2252 deeratinventus:
515 2183 551 2245 in
562 2190 798 2269 sacramentum
814 2182 951 2248 liberata
961 2190 1106 2253 servitia.

29 2287 31 2292 ⁴
69 2271 229 2357 oqegebat
245 2269 418 2334 aerarium:
445 2288 522 2352 opes
540 2288 616 2332 suas
633 2277 764 2332 senatus
779 2269 816 2332 in
838 2269 979 2333 medium
992 2269 1106 2336 libens

111 2354 253 2442 protulit,
274 2373 334 2415 nec
354 2361 482 2436 praeter
507 2352 593 2451 quod
613 2354 648 2416 in
668 2350 767 2418 bullis
784 2352 983 2439 singulisque
999 2356 1130 2424 anulisa

113 2447 181 2515 erat
196 2435 367 2521 quicquam
383 2436 447 2499 sibi
463 2458 534 2499 aurr
549 2436 758 2522 reliquerunt.
791 2458 889 2522 eques
905 2446 1033 2501 secutus
1051 2461 1103 2504 ex-

72 2539 104 2588 25
114 2518 253 2604 emplum
266 2519 472 2606 imitataeque
491 2520 631 2605 equitem
641 2518 756 2582 tribus.
785 2519 923 2605 denique
941 2521 1000 2584 vix
1011 2512 1117 2586 suffe-x

113 2625 184 2670 cere
195 2600 335 2684 tabulae,
347 2603 406 2666 vix
417 2602 595 2670 scribarum
605 2624 719 2666 manus
730 2602 875 2666 Laevino
886 2604 1104 2691 Marcelloque

113 2683 309 2768 oonsulibus,
325 2707 398 2765 enm
411 2689 613 2772 privatorum
629 2707 705 2772 opes
724 2687 758 2749 in
771 2685 937 2771 publicum
947 2688 1104 2753 referrem

71 2780 175 2841 ratur.
202 2768 281 2852 quid
299 2775 430 2834 autem?
453 2773 488 2835 in
506 2770 663 2854 eligendis
677 2769 918 2853 magistratibus
934 2793 1016 2857 quae
1032 2795 1129 2841 cen-a

111 2854 268 2918 turiarum
280 2855 447 2939 sapientia,
465 2877 539 2921 eum
549 2855 691 2918 iuniores
712 2875 732 2915 a
744 2853 923 2918 senioribus
935 2856 1104 2920 consilium

113 2936 153 3002 de
164 2936 312 3002 creandis
330 2938 516 3002 oonsulibus
529 2939 721 3023 petiverunt.
754 2937 872 3023 quippe
883 2938 1040 3002 adversus
1051 2939 1104 3004 ho·

113 3029 196 3086 stem
207 3023 325 3086 totiens
336 3023 502 3104 victorem,
516 3031 585 3088 tam
598 3021 751 3090 callidum
766 3042 832 3084 non
841 3022 963 3087 virtute
971 3031 1104 3105 tantum,

115 3104 364 3180 sedenisetiam·
391 3127 515 3190 ugnare
526 3105 669 3170 consiliis
680 3104 859 3189 oportebat.

72 3205 105 3253 27
197 3187 306 3257 Prima
316 3211 351 3253 re
376 3190 481 3256 euntis
493 3197 536 3271 et„
544 3196 580 3252 ut
590 3191 636 3252 ita
647 3188 793 3270 dixerim,
805 3190 1035 3254 revivescentis
1047 3192 1101 3254 im·
1109 3213 1130 3255 a

113 3272 197 3359 perii
208 3282 281 3356 spes
293 3273 415 3338 Fabius
425 3272 497 3354 snit,
515 3273 570 3358 qui
584 3293 703 3337 novam
713 3272 752 3336 de
762 3272 924 3337 Annibale
937 3273 1104 3338 victoriam

115 3363 312 3421 commentus
324 3366 381 3439 est,
396 3367 461 3421 non
471 3377 626 3442 pugnare.
654 3356 728 3420 hino
738 3356 788 3419 illi
798 3378 836 3421 co
883 3377 975 3420 omen
986 3379 1104 3422 novum

117 3448 148 3505 et
158 3440 207 3506 rei
216 3439 366 3528 publicae
383 3440 527 3513 salutare
541 3447 724 3525 cunetatom
739 3439 834 3506 hinc‘
851 3440 908 3506 lud
922 3461 964 3506 ex
974 3441 1102 3530 populo,
