2356 3818
326 213 370 296 II,
386 215 529 278 18-20.
547 213 621 301 [1111,
635 215 774 304 8-10].
1025 222 1066 282 95

60 378 217 447 XVIHI.
237 378 422 444 BELLVM
443 381 710 446 PARTHIOVM
731 382 813 447 SVB
834 382 1064 448 VENTIDIO.

155 509 312 589 Quamvis
328 510 362 572 in
381 509 494 575 Cassio
517 521 549 574 et
572 511 674 576 Bruto
698 521 805 599 partes
824 514 1022 597 sustulisset,
1044 520 1136 597 1111,9

63 598 103 661 in
131 592 287 677 Pompeio
314 600 417 656 totum
442 595 584 690 partium
608 597 726 658 nomen
752 594 963 678 abolevisset,
989 621 1067 663 non-

66 679 149 744 dum
170 685 279 739 tamen
307 676 350 739 ad
378 697 468 762 pacis
497 677 705 741 stabilitatem
726 679 908 765 profecerat
937 679 1066 765 Caesar,

42 775 144 827 scum
169 758 320 844 scopulus
346 766 377 822 et
404 759 508 821 nodus
532 769 563 823 et
591 782 681 824 mora
711 761 859 845 publicae
886 764 1067 828 securitatis

67 850 254 929 superesset
272 841 445 905 Antonius.
464 863 524 904 nec
541 842 596 906 ille
616 843 719 908 defuit
736 846 823 927 vitiis
840 846 918 929 quin
937 847 1092 929 periret,a

66 928 167 991 immo
187 925 294 989 omnia
316 933 467 1009 expertus
490 925 612 988 ambitu
634 935 665 989 et
688 927 817 990 luxuria
836 928 974 1012 primum
994 929 1066 993 hos-

65 1019 129 1156 qes,
152 1006 270 1073 deinde
292 1007 395 1089 cives,
426 1006 558 1072 tandem
579 1010 675 1072 etiam
703 1009 867 1073 saeculum
888 1018 1011 1074 terrore
1030 1013 1066 1075 li-

93 1093 208 1156 eravit.

27 1186 60 1231 ro
156 1173 270 1237 Parthi
298 1173 389 1237 clade
420 1171 593 1236 Crassiana
621 1174 717 1239 altius
745 1177 868 1241 animos
897 1187 1093 1242 erexerantss

69 1256 250 1342 civilesque
274 1256 385 1342 populi
405 1255 544 1320 Romani
565 1257 742 1323 discordias
766 1259 844 1322 laeti
866 1281 941 1323 acce
966 1270 1065 1324 erant.

67 1341 143 1425 regi
165 1340 273 1424 itaque
298 1348 333 1402 ut
354 1341 458 1423 prima
479 1339 613 1403 adfulsit
636 1343 780 1424 occasio,
808 1365 873 1406 non
901 1282 1067 1408 dubitave-

67 1431 147 1488 runt
168 1443 349 1506 erumpere,
377 1423 462 1486 ultro
492 1420 621 1508 quidem
648 1424 805 1488 invitante
829 1425 989 1507 Labiene,
1013 1428 1092 1512 quie

67 1507 190 1571 missus
212 1526 232 1568 a
253 1505 367 1570 Cassio
393 1505 557 1590 Brutoque
578 1541 621 1556 —-
641 1506 696 1590 qui
718 1507 807 1570 furor
829 1509 1000 1571 scelerum!
1025 1547 1067 1557 -

31 1616 60 1659 15
71 1588 305 1653 sollicitaverat
325 1586 434 1651 hostes
455 1588 491 1651 in
517 1587 683 1651 auxilium.
708 1597 739 1651 et
761 1588 811 1652 illi
831 1589 954 1654 Pacoro
976 1591 1066 1671 duce,

69 1672 164 1757 regio
186 1672 319 1753 iuvene,
343 1671 543 1756 dispulerant
564 1671 750 1735 Antoniana
766 1672 948 1770 praesidia3
980 1672 1067 1737 Saxa

68 1755 200 1841 legatus
215 1776 261 1827 ,ne
282 1755 408 1817 veniret
426 1755 460 1817 in
476 1762 668 1839 potestatem
685 1755 795 1838 glad1o
806 1756 990 1841 inpetravit.
1013 1756 1092 1820 de-5

67 1838 172 1985 nique
194 1836 302 1901 ablata
328 1836 422 1922 Syria
444 1837 613 1901 emanabat
639 1837 734 1901 latius
762 1838 897 1919 malum,
919 1838 1066 1903 hostibus

68 1942 111 1985 su
157 1920 271 1983 auxilii
292 1943 308 1984 s
332 1921 399 1984 ecie
422 1920 484 1983 sibi
504 1919 722 2002 vincentibus,
744 1922 809 1984 nisi
825 1920 1012 2003 Ventidius,
1036 1931 1068 1985 et

29 2002 127 2067 aohic
149 2004 276 2086 legatus
336 2004 453 2084 ntonii,
482 2004 666 2069 incredibili
695 2003 850 2068 felicitate
878 2012 909 2067 et
929 2003 1067 2069 Labieni

67 2087 184 2172 copias
205 2087 373 2172 ipsumque
395 2086 554 2150 Pacorum
575 2095 607 2150 et
628 2108 755 2150 omnem
772 2086 957 2150 Parthicum
969 2089 1065 2173 equi·
1153 2114 1157 2131 2

66 2178 174 2233 tatum
197 2177 265 2233 toto
289 2170 373 2232 inter
396 2168 541 2234 Oronten
563 2178 595 2232 et
616 2169 668 2231 Eu
691 2169 805 2233 hraten
834 2170 907 2232 sinu
927 2172 991 2231 late
1016 2191 1065 2232 ee·

68 2250 214 2316 cidisset.
237 2252 354 2336 viginti
372 2252 508 2336 amplius
526 2252 649 2316 milium
669 2192 741 2314 luit.
764 2273 825 2315 nec
842 2252 911 2315 sine
928 2252 1090 2317 consiliou

68 2336 179 2415 ducis,
202 2336 257 2423 qui
270 2334 417 2400 simulato
429 2343 516 2398 metu
529 2337 608 2399 adeo
620 2356 734 2418 passus
747 2343 795 2396 est
805 2335 930 2397 hostem
949 2336 1064 2396 castris

35 2442 62 2482 rs
71 2417 261 2500 succedere,
275 2418 378 2482 donec
389 2416 557 2502 absumpto
574 2418 676 2480 iactus
691 2419 794 2502 spatio
806 2417 961 2480 adimeret
971 2439 1065 2479 usum

69 2502 271 2587 sagittarum.
300 2500 557 2565 rex'fortissime
580 2501 736 2565 dimicans
758 2499 884 2564 cecidit.
908 2521 985 2564 mox
1006 2501 1090 2570 cir-7

67 2583 210 2649 cumlato
233 2586 300 2648 eius
324 2607 382 2672 per
403 2582 514 2666 urbes,
539 2606 620 2670 quac
642 2582 858 2665 desciverant,
880 2584 985 2670 capite
1008 2581 1064 2669 Sy-

68 2667 121 2733 ria
143 2669 212 2731 sine
235 2668 320 2731 bello
343 2677 483 2753 recepta.
507 2669 554 2731 sic
576 2666 782 2738 Crassianam
805 2666 930 2731 cladem
950 2666 1066 2731 Pacori

68 2750 172 2817 caede
193 2752 410 2836 pensavimus.
1032 2764 1035 2769 '

35 2936 61 2977 ³0
114 2900 195 2967 XX.
218 2902 401 2967 BELLVM
421 2901 687 2966 PARTHIOVM
709 2901 791 2967 SVB
811 2898 1022 2965 ANTONIO.

135 3035 291 3121 Expertis
313 3037 454 3100 invicem
473 3034 602 3098 Parthis
623 3043 719 3120 atque
740 3034 915 3113 Romanis,
938 3033 1136 3110 cum1111,10

71 3119 213 3187 Crassus
238 3128 271 3183 et
291 3119 433 3182 Pacorus
454 3119 615 3203 utrimque
632 3119 750 3181 virium
767 3125 949 3180 mutuarum
971 3115 1066 3179 docu-

69 3210 181 3269 menta
202 3201 339 3267 fuissent
345 3250 354 3283 ,
381 3203 453 3285 pari
473 3223 584 3265 rursus
606 3202 788 3264 reverentia
808 3200 968 3282 integrata
989 3201 1066 3262 ami-

71 3288 165 3367 citia,
194 3294 226 3348 et
253 3286 383 3371 quidem
411 3285 453 3347 ab
482 3285 553 3368 ipso
580 3284 695 3349 foedus
723 3282 865 3346 Antonio
894 3303 966 3345 cum
988 3304 1065 3366 rege

35 3389 274 3456 35percussum.
297 3369 355 3432 sed
376 3405 418 3418 —-
446 3369 601 3430 inmensa·
611 3368 738 3431 vanitas
760 3365 900 3430 hominis
926 3402 970 3415 -
990 3365 1090 3429 dum²

70 3451 240 3517 titulorum
263 3452 416 3538 cupidine
443 3450 576 3514 Araxen
604 3460 636 3515 et
662 3449 850 3534 Euphraten
873 3448 932 3512 sub
954 3450 1065 3531 imagi·
