2356 3818
111 227 153 288 54
334 217 337 233 '
464 238 569 288 raom
585 237 748 287 ermom.

110 391 178 455 cius
203 409 267 452 uno
294 389 362 452 eius
389 389 509 473 edicto,
538 410 610 451 cum
630 409 740 452 omnes
762 389 817 475 qui
843 389 877 452 in
896 389 982 454 Asia
1004 393 1110 460 forent

109 473 273 537 Romanae
290 473 429 537 civitatis
447 473 590 538 homines
606 471 743 534 interfici
757 472 874 535 iussit?
895 480 964 536 tum
977 478 1109 562 quidem

110 556 221 627 domus
252 556 372 641 templa
400 566 431 620 et
457 577 531 619 arae
573 551 713 617 humana
734 556 841 618 omnia
862 556 968 642 adque
996 559 1109 625 divina

84 639 180 710 eiuro
200 638 320 702 violata
341 648 425 702 sunt.
454 639 512 702 sed
556 637 584 699 'c
604 645 710 700 terror
725 638 823 701 Asiae
845 638 1012 725 Europam
1033 666 1120 730 quo-¹

109 743 170 806 que
189 723 260 806 regi
276 722 450 807 aperiebat.
470 722 577 806 itaque
589 721 696 784 missis
706 720 866 785 Archelao
877 721 1121 809 Neoptolemo-s

109 805 375 890 quapraefectis,
397 824 476 868 exce
497 813 532 868 ta
548 802 677 885 Rhodo,
718 824 780 868 uae
796 826 854 889 pro
872 805 966 870 nobis
983 808 1106 874 finnius

110 889 213 970 stetit,
232 897 356 952 ceterae
369 826 543 972 Cyclades,
560 884 676 968 Delos,
695 826 829 951 Ruboea
843 896 875 951 et
887 890 995 974 ipsum
1007 891 1105 958 Grae

85 973 178 1039 aciae
202 971 298 1035 decus
314 969 461 1034 Athenae
481 969 683 1034 tenebantur.
712 969 839 1033 Italiam
857 972 947 1035 iami
973 982 1105 1041 sam'ue

108 1052 221 1117 urbem
240 1054 375 1118 Romam
395 1052 503 1138 regius
524 1062 628 1117 terror
649 1053 799 1118 adflabat.
827 1054 935 1140 ita'que
989 1057 1041 1122 .S
1077 1059 1105 1122 la

67 1132 72 1142 ’
108 1136 253 1216 festinat,
275 1137 327 1199 vir
347 1137 443 1200 armis
462 1159 480 1201 o
503 1139 615 1217 timus,
635 1138 769 1234 parique
785 1137 941 1201 violentia
956 1150 1101 1206 ruentem
1108 1157 1123 1198 1⁰

66 1240 99 1290 10
110 1219 243 1282 ulterius
259 1217 384 1282 hostem
403 1238 465 1305 qua
489 1240 540 1284 am
556 1241 648 1306 quasi
663 1240 760 1282 manu
776 1221 924 1305 reppulit.
951 1225 1101 1306 primum·

109 1322 171 1386 que
184 1301 329 1365 Athenas
346 1301 474 1385 urbem,
495 1341 538 1354 —-
559 1303 636 1389 quis
647 1302 815 1366 crederet?
834 1341 877 1353 —
898 1303 1031 1388 frugum
1074 1329 1101 1371 a

107 1391 244 1465 rentem,
263 1385 430 1451 obsidione
449 1408 487 1451 ac
504 1386 589 1451 fame
606 1385 648 1450 ad
664 1385 819 1450 humanos
838 1385 926 1451 cibos
944 1391 1028 1474 conp
1066 1392 1100 1473 't3

107 1488 183 1531 mox
200 1467 351 1534 subrutus
363 1470 476 1535 ,Piraei
491 1478 601 1556 portus
620 1491 679 1535 sex
695 1479 750 1533 aut
766 1469 910 1556 amplius.
921 1473 1022 1535 muris
1040 1474 1100 1536 cin-

108 1561 188 1615 ctus.
219 1561 388 1640 postquam
410 1553 575 1618 domuerat
595 1553 828 1638 ingratissimos
849 1552 1030 1639 hominum,
1057 1565 1119 1619 tao

107 1657 196 1717 men,
219 1647 256 1701 ut
276 1639 346 1723 ipse
368 1637 466 1719 dixit,
486 1638 520 1699 in
536 1636 690 1700 honorem
705 1645 902 1701 mortuorum
919 1639 1020 1701 sacris
1037 1640 1099 1703 suis

65 1718 212 1783 llfamae
234 1742 275 1782 ue
302 1721 445 1784 donavit.
478 1739 554 1782 mox
581 1739 653 1781 cum
688 1717 822 1783 Euboea
846 1728 941 1805 atque
968 1720 1101 1787 Boeotia
1128 1746 1132 1757 ·

105 1802 213 1884 praesi
238 1803 268 1864 'a
284 1803 371 1884 regis
383 1799 573 1884 depulisset,
592 1801 693 1863 omnis
706 1801 813 1884 copias
826 1823 890 1863 uno
903 1804 990 1886 apud
1003 1804 1100 1869 Chae

106 1883 245 1962 roniam,
268 1882 353 1966 apud
368 1878 594 1944 Orchomenon
611 1882 712 1945 altero
732 1881 815 1945 bello
834 1884 1020 1968 dissipavit,
1044 1897 1100 1952 sta

105 1965 226 2048 timqne
250 1966 284 2026 in
303 1965 416 2026 Asiam
437 1972 525 2026 trans
567 1983 656 2028 essus
675 1965 780 2048 ipsum
802 1986 842 2049 op
865 1966 961 2027 rimit.
998 1980 1031 2033 et
1055 1972 1121 2036 dea

104 2044 260 2110 bellatum
277 2046 375 2128 foret,
395 2047 459 2109 nisi
475 2047 517 2116 de
562 2045 711 2110 ithridate
725 1987 920 2145 triumphare
932 2048 995 2112 cito
1030 2075 1101 2117 uam

66 2148 98 2198 12
107 2151 184 2194 vere
201 2129 376 2194 maluisset.
398 2151 436 2194 ac
451 2139 519 2194 tum
530 2130 658 2216 quidem
675 2130 868 2205 huncAs1ae
884 2139 1001 2195 statum
1008 2074 1103 2200 (hulla

26 2272 28 2278 .
107 2213 249 2279 dederat.
272 2216 370 2279 ictum
386 2236 458 2296 cum
476 2213 760 2296 Ponticisfoedus,
782 2236 856 2278 rece
878 2215 904 2276 it
914 2213 1103 2302 Bithyniam

107 2319 222 2383 aroge
249 2298 456 2382 Nicomedes,
483 2297 719 2362 Ariobarzanes
743 2236 996 2384 Cappadociam,
1022 2301 1103 2366 Asia

51 2430 54 2443 .
105 2387 215 2447 rursus
238 2392 362 2464 nostra,
384 2391 420 2446 ut
440 2391 603 2481 coeperat,
626 2382 829 2446 Mithridates
851 2390 974 2444 tantum
996 2384 1123 2469 repul-a

106 2485 170 2528 sus.
203 2465 310 2550 itaque
337 2486 403 2528 non
423 2464 521 2549 freg1t
542 2486 581 2528 ea
601 2487 653 2529 res
673 2465 839 2546 Ponticos,
868 2465 925 2528 sed
946 2466 1099 2532 incendit.
1140 2484 1142 2501 ¹

65 2547 224 2631 laquippe
250 2569 310 2609 rex
333 2546 415 2610 Asia
441 2556 472 2611 et
497 2547 629 2632 Europa
653 2547 791 2632 quodam
818 2548 912 2612 modo
940 2549 1100 2614 inescatus

106 2649 172 2692 non
194 2629 259 2690 iam
278 2631 369 2728 qnasi
391 2629 543 2710 alienam,
566 2630 639 2712 sed,
662 2629 737 2715 quia
753 2631 917 2711 amiserat,
941 2634 1035 2716 quasi
1052 2655 1100 2716 ra·

66 2721 193 2859 ltptam
219 2709 298 2774 belh
324 2733 393 2775 rure
420 2711 594 2797 repetebat.
627 2714 727 2797 igitur
756 2722 791 2776 ut
820 2715 961 2778 extincta
987 2737 1101 2800 parurn

130 2794 244 2859 deliter
281 2794 430 2858 incendia
465 2797 586 2860 maiore
622 2796 751 2859 flamma
787 2798 1011 2880 revivescunt,
1055 2801 1142 2862 itas¹

106 2878 161 2942 ille
183 2878 223 2942 de
244 2879 384 2962 integro,
407 2879 508 2942 auctis
529 2879 682 2942 maiorem
699 2880 733 2942 in
750 2880 880 2943 modum
899 2882 1014 2964 copiis,
1032 2891 1100 2948 tota

7 3020 10 3024 .
107 2963 245 3047 denique
269 2962 363 3046 regni
390 2964 441 3025 sui
467 2962 550 3025 mole
576 2964 612 3026 in
638 2963 750 3026 Asiam
776 2984 886 3026 rursus
911 2966 997 3028 mari*
1013 2974 1100 3029 terra

106 3044 354 3131 fluminibusque
375 3044 534 3108 veniebat.

68 3147 98 3195 15
193 3127 346 3213 Cyzicus,
374 3127 491 3191 nobilis
520 3128 648 3209 civitas,
676 3149 765 3211 arce,
794 3129 975 3212 moenibus,
1003 3140 1098 3216 portu

106 3210 309 3298 turribusque
325 3211 508 3275 marmoreis
524 3211 687 3279 Asiaticae
701 3211 815 3298 plagae
829 3213 923 3276 htora
937 3214 1125 3277 inlustrata

106 3292 189 3356 hanc
215 3293 271 3359 ille
299 3297 391 3380 quasi
417 3293 550 3358 alteram
577 3294 710 3359 Romam
731 3305 798 3360 toto
819 3297 981 3360 invaserat
1000 3297 1096 3360 bello.

66 3373 98 3446 ‘16
108 3376 165 3439 scd
181 3375 330 3440 fiduciam
347 3378 514 3463 oppidanis
531 3378 702 3442 resistendi
716 3381 847 3442 nuntius
866 3380 956 3462 fecit,
980 3381 1096 3446 docens

107 3459 281 3525 adventare
308 3460 493 3541 Lucullum,
525 3461 579 3546 qui
604 3498 647 3511 -
673 3462 826 3528 horribile
853 3463 941 3527 dictu
967 3502 1010 3513 —
1031 3484 1099 3550 ‚por
