2356 3818
122 217 142 280 8
477 226 572 275 nvcn
591 226 737 275 ananan

95 393 207 452 eterra
227 379 333 447 oleum
358 380 500 444 scaturit.
544 381 643 463 Argis
670 380 705 442 in
727 377 853 442 Achaia
878 378 1016 446 Iunonis
1045 393 1117 451 tem·

94 466 207 552 yplum
227 463 398 548 magnifice
417 472 579 544 ornatum,
602 462 689 549 quod
704 462 832 546 asylum
845 473 972 528 vocant.
1009 467 1117 555 Olym-

95 550 191 635 apiae
210 556 275 611 tem
298 547 365 611 lum
378 546 466 610 Iovis
482 546 606 628 nobile,
625 544 683 609 ubi
700 545 839 610 athletae
854 548 1037 615 initiantur.
1061 552 1117 619 Oo-

118 631 217 696 rinthi
230 570 386 695 ballenae
404 639 493 695 costa
511 639 560 694 est
573 650 692 714 magna
708 630 884 695 secundum
893 653 1000 715 mare,
1026 658 1119 722 quarn

118 717 212 781 homo
233 715 402 814 complecti
415 736 481 778 non
498 722 615 799 potest.
659 712 785 777 Eodem
798 715 833 777 in
852 714 922 780 loco
940 716 1060 783 fanum
1073 729 1142 787 ests

94 801 271 880 9Veneris,
303 821 338 862 m
365 820 427 885 quo
458 819 517 860 vas
543 817 757 861 marmoreum
782 796 914 863 Laidos.
962 800 1120 869 Boeotiae

119 885 207 948 lacus
231 904 339 962 sacer,
366 882 423 945 ubi
443 880 660 967 Amphiaraus
682 880 855 951 devoratus
886 881 938 970 [in
962 906 1004 950 eo
1030 886 1119 976 lacu]

120 976 179 1031 est.
236 966 361 1030 Urceus
391 964 498 1027 fictilis
528 964 652 1029 fractus
691 964 812 1048 pendet
842 974 928 1030 testa
961 969 1054 1034 inter.
1088 993 1120 1036 se

119 1051 310 1136 composita3
349 1048 436 1112 unde
460 1057 566 1112 autem
586 1047 727 1134 pendeat
746 1070 811 1111 non
832 1059 980 1135 apparet,
1010 1055 1079 1119 nisi
1102 1076 1121 1119 a

79 1146 216 1201 lovento
238 1140 414 1197 moveatur.
446 1131 583 1196 Athenis
600 1131 768 1195 Minervae
786 1132 884 1196 aedes
903 1134 1027 1201 nobilis
1033 1161 1117 1220 ,-cu·
1125 1157 1143 1197 ιο

119 1220 168 1282 ius
188 1218 230 1280 ad
244 1216 408 1279 sinistram
427 1216 551 1301 clipeus
572 1237 591 1278 a
614 1216 738 1301 positus
760 1237 855 1301 quem
874 1217 976 1302 digito
997 1224 1119 1308 tangit:

118 1304 152 1364 in
179 1321 241 1386 quo
263 1299 366 1384 clipeo
387 1300 493 1364 medio
519 1238 660 1363 Daedali
682 1308 731 1362 est
752 1300 859 1383 imago
882 1301 928 1364 ita
949 1303 1119 1387 collocata,
1177 1310 1178 1333 ¹

118 1406 215 1470 quam
234 1384 261 1446 si
278 1383 351 1470 quis
370 1384 544 1467 imaginem
564 1405 582 1447 e
602 1382 706 1468 clipeo
719 1382 801 1446 velit
815 1382 943 1467 tollere,
965 1390 1055 1472 perit
1074 1398 1120 1455 te

116 1477 186 1532 tum
208 1489 303 1553 opus3
331 1467 467 1533 solvitur
489 1468 575 1531 enim
596 1467 625 1530 si
670 1488 741 1530 um:
763 1467 835 1552 ipsa
854 1477 963 1532 autem
981 1471 1047 1537 dea
1067 1473 1120 1537 ha

79 1571 107 1621 11
121 1550 177 1637 bet
196 1550 322 1616 hastam
342 1552 383 1616 de
408 1552 564 1636 gramine.
608 1550 669 1614 lio
690 1549 773 1636 lapis
791 1552 948 1637 quadrata
961 1553 1023 1620 ubi
1042 1555 1144 1622 (las-rs

118 1636 236 1700 sendra
256 1636 318 1699 fuit
340 1635 487 1719 alhgata3
516 1655 612 1719 quam
639 1635 667 1698 si
689 1643 763 1698 ante
783 1642 899 1719 tangas
919 1647 974 1701 aut
1001 1639 1121 1705 fricue-

117 1722 179 1801 ris,
207 1720 258 1783 lac
281 1719 438 1800 demittit,
467 1739 509 1781 ex
536 1717 637 1782 altera
664 1727 773 1782 autem
820 1727 889 1784 arte
916 1722 1072 1789 similiter
1094 1725 1121 1788 si

117 1804 224 1883 trices,
248 1804 319 1880 †ac
340 1804 369 1865 si
388 1803 579 1885 sanguinem
595 1803 740 1866 remittit.
803 1812 881 1867 uxta
902 1814 1014 1870 autem
1032 1829 1120 1873 mare

2 1947 6 1955 ,
117 1888 173 1973 qui
199 1887 288 1950 locus
310 1885 478 1949 Rhoeteon
504 1895 655 1968 vocatur3
685 1884 732 1950 ibi
759 1895 807 1949 est
832 1888 970 1952 Achillis
1001 1901 1034 1956 et
1060 1890 1120 1956 Pa·

77 1969 211 2034 latrocli
231 1968 372 2032 tumulus
394 1977 426 2031 et
446 1968 566 2032 flumen
583 1967 806 2034 Scamandrus.
850 1970 975 2056 Ephesi
990 1973 1145 2039 Dianoeas

116 2054 227 2117 fenum
241 2052 492 2134 nobilissimum,
512 2054 689 2118 maximum
699 2053 1016 2143 pulcherrimumque
1032 2059 1119 2125 orbis

115 2147 283 2201 terrarum.
328 2136 467 2201 Introitu
492 2137 608 2201 dextra
634 2160 672 2202 ac
693 2138 826 2202 sinistra
850 2149 957 2224 postes
980 2164 1119 2209 marma

116 2223 165 2286 rei
184 2221 354 2286 monolithi
372 2221 461 2306 longi
482 2221 600 2286 cubitis
614 2223 748 2307 viginti,
768 2244 832 2307 qua
851 2245 947 2308 super
960 2227 1118 2313 templum

77 2324 254 2375 saasceusu
283 2313 357 2369 sunt
383 2306 545 2384 'secutum
587 2306 781 2390 uadraginta
807 2306 906 2370 milia.
958 2306 1057 2376 Samo
1086 2312 1119 2375 in

115 2390 234 2489 templo
256 2390 389 2453 Iunonis
416 2399 465 2453 est
492 2329 633 2475 scyphus
660 2389 765 2453 factus
794 2413 837 2454 ex
861 2391 996 2474 hedera,
1026 2395 1143 2459 cuiusa

116 2482 222 2559 caprta
248 2472 335 2536 foras
359 2482 509 2558 quattuor
537 2474 673 2537 arietina
699 2494 817 2557 magna
839 2474 991 2539 cornibus
1017 2479 1118 2543 mirae

76 2576 108 2624 14
117 2555 348 2640 magnitudinis
365 2558 529 2619 contortis.
552 2555 710 2640 Pergamo
725 2578 782 2619 ara
795 2578 974 2623 marmorea
988 2582 1116 2648 magna,

115 2639 181 2702 alta
200 2637 299 2723 pedes
319 2639 533 2722 quadraginta
558 2660 630 2702 cum
651 2640 800 2704 maximis
823 2641 1015 2728 sculpturis3
1045 2666 1117 2712 con-

76 2724 197 2791 15tiuet
224 2730 332 2785 autem
362 2723 665 2805 gigantomachiam.
721 2723 801 2787 Rosi
833 2726 962 2808 signum
988 2727 1117 2793 Dianae

115 2828 329 2870 marmoreum
348 2804 599 2905 pulcherrimum
621 2806 708 2891 quod
727 2815 790 2870 stat
811 2808 870 2871 sub
893 2810 968 2874 divo
992 2810 1140 2902 [caelebs

76 2905 108 2956 16
116 2912 177 2955 nec
198 2912 271 2954 cum
291 2890 374 2976 plu1t
396 2911 479 2976 aqua
499 2892 653 2975 tangitur.
697 2893 827 2977 Argyre
850 2902 899 2956 est
922 2894 1037 2961 fanum
1056 2897 1117 2962 Vc

115 2976 202 3039 neris
225 2997 321 3061 super
340 2978 445 3038 niare:
473 2972 519 3038 ibi
541 2984 589 3039 est
612 2975 744 3039 lucerna
766 2998 805 3038 su
829 2999 863 3040 cr
886 2978 1117 3045 candelabrum

114 3060 220 3146 posita
240 3058 351 3122 lucens
377 3059 419 3123 ad
440 3080 528 3122 mare
554 3059 614 3123 sub
636 3059 711 3124 divo
740 2999 866 3148 {caeloh
914 3084 990 3126 uam
1010 3085 1118 3151 neque

115 3153 232 3207 ventus
255 3144 433 3227 exstinguit
452 3164 512 3206 nec
533 3143 645 3229 pluvia
666 3145 826 3229 aspargit:
858 3084 917 3209 sed
938 3154 971 3209 et
992 3147 1117 3213 Hercu·

115 3225 156 3289 lis
175 3227 271 3291 aedes
294 3229 441 3314 antiqua3
469 3226 516 3291 ibi
532 3249 554 3301 ,e
576 3227 723 3291 columna
743 3228 863 3313 pendet
884 3250 984 3293 cavea
1006 3231 1139 3297 ferreae

29 3341 31 3343 ·
112 3310 268 3393 rotunda,
297 3312 332 3375 in
360 3333 423 3397 qua
445 3311 596 3375 conclusa
617 3311 743 3397 Sibylla
765 3311 891 3376 dicitur.
936 3312 988 3376 Ibi
1008 3316 1116 3380 iacent

51 3406 177 3455 Nossa
195 3393 357 3462 balaenae
374 3398 471 3486 quasi
483 3394 611 3487 lapides
628 3396 789 3483 quadrati.
822 3395 1015 3476 ldagnesiae
1030 3398 1116 3481 apud

79 3469 243 3562 Sipylum
266 3483 452 3552 columnae
478 3492 559 3553 sunt
571 3490 755 3575 -quattuort
779 3478 867 3539 'anter
882 3475 949 3537 nas
969 3475 1137 3537 colmes
