2356 3818
138 222 179 285 91
430 262 449 281 ,.
491 228 598 279 raons
611 210 777 277 11110111.

137 386 212 449 stris
234 382 361 447 videret
381 400 442 445 nec
464 380 558 445 aliter
579 379 621 442 ad
642 375 817 442 videndum
840 380 932 459 eum,
961 398 1060 465 quam
1084 400 1128 445 se·

110 465 224 538 olebat
250 465 293 531 ad
318 454 514 530 audiendum
560 470 813 526 concurreretur.
846 461 927 526 haec
953 463 1080 527 scelera
1099 466 1129 528 in

135 549 271 613 Antonii
280 547 462 634 Lepidique
479 510 616 626 tabulis3
637 544 758 608 Caesar
774 545 1022 630 percussoribus
1033 549 1128 633 patris

136 640 302 695 contentus
321 633 397 712 tuit,
428 630 501 693 ideo
524 648 579 709 nc,
608 628 637 691 si
657 625 762 690 inulta
782 627 913 709 fuisset,
935 629 1034 692 etiam
1049 632 1129 694 iusta

136 715 205 779 cius
226 715 341 779 caedes
362 713 544 777 haberetur.
1141 735 1148 774 1

266 846 377 912 XVII.
410 840 594 907 BELLVM
617 839 744 908 CASSI
764 839 825 906 ΕΤ
846 838 995 913 BRVTI.

77 965 169 1046 111b7
222 964 342 1029 Brutus
361 971 392 1026 ct
408 960 539 1025 Cassius
558 962 605 1025 sic
624 959 796 1025 Caesarem
814 960 908 1045 quasi
922 959 1129 1046 Tarquinium

134 1069 245 1132 regem
278 1043 440 1130 depulisse
471 1065 572 1128 regno
603 1042 817 1124 videbantur,
856 1052 906 1107 set
925 1043 1128 1128 libertatem,

134 1151 230 1216 quarn
255 1129 395 1191 maxime
423 1127 602 1190 restitutam
629 1126 816 1206 voluerunt,
849 1125 906 1189 illo
932 1126 1004 1210 ipso
1032 1129 1128 1213 parri·

54 1225 57 1229 ·
108 1212 217 1282 acidio
244 1209 465 1295 perdiderunt.
498 1211 597 1293 igitur
624 1210 724 1273 caede
750 1209 895 1294 perfecta
916 1230 988 1272 cum
1008 1220 1148 1275 veterae

133 1315 192 1358 nos
217 1292 386 1381 Caesaris,
414 1314 475 1356 noc
496 1293 660 1374 inmerito,
682 1294 849 1373 timerent,
872 1293 980 1355 statim
1003 1314 1023 1357 e
1043 1295 1129 1359 cuma

134 1378 170 1440 in
192 1376 388 1464 Capitolium
410 1375 634 1460 confugerant.
668 1396 728 1463 nec
748 1374 815 1438 illis
837 1374 880 1438 ad
900 1373 1058 1439 ultionem
1080 1376 1127 1441 de

110 1468 204 1533 3erat
221 1461 356 1542 animus,
376 1458 436 1523 sed
453 1459 568 1525 ducem
584 1460 728 1524 nondum
746 1456 919 1522 habebant.
941 1459 1042 1542 igitur
1060 1480 1128 1525 cum

134 1564 153 1605 a
176 1551 319 1628 pareret,
352 1564 434 1629 quae
452 1552 577 1626 strages
606 1544 655 1606 rei
675 1539 823 1628 publicae
845 1542 1032 1622 inmineret,
1069 1543 1127 1606 dis·

133 1566 246 1712 plicuit
271 1626 367 1707 ultio,
404 1648 476 1689 curn
506 1625 621 1689 caedes
649 1623 883 1708 inprobaretur.
919 1625 1019 1707 igitur
1041 1625 1148 1690 Cice¹⁵

107 1712 223 1785 4ronis
255 1710 400 1774 consiliis
423 1707 597 1772 abolitione
625 1708 769 1786 decreta,
803 1728 845 1770 ne
871 1716 979 1770 tamen
1009 1706 1127 1792 publici

135 1792 255 1858 doloris
284 1791 393 1856 oculos
426 1791 576 1869 ferirent,
609 1791 644 1852 in
670 1790 856 1873 provincias
892 1788 933 1853 ab
966 1789 1023 1853 illc
1054 1793 1074 1855 i
1095 1812 1126 1855 so

18 1902 27 1921 .
134 1896 230 1960 quern
257 1873 443 1937 occiderant
469 1871 609 1934 Caesare
636 1872 743 1951 datas,
777 1870 906 1955 Syriam
928 1879 960 1934 et
980 1812 1126 1939 Macella

132 1959 221 2020 niam
242 1962 479 2018 concesserant.
501 1953 548 2016 sic
570 1954 714 2018 vindicta
733 1952 882 2017 Caesaris
905 1953 1005 2017 dilata
1023 1959 1126 2040 potius

134 2059 231 2124 quam
252 2057 407 2121 oppressa
429 2043 487 2101 est.
1129 2061 1147 2102 a

107 2152 123 2200 5
217 2120 333 2205 Igitur·
349 2121 414 2182 iam
439 2119 587 2184 ordinata
615 2119 717 2203 magis
746 2128 783 2184 ut
810 2127 936 2205 poterat
968 2141 1068 2204 quam
1095 2130 1126 2187 ut

134 2203 273 2269 debebat
294 2204 378 2267 inter
398 2204 584 2268 triumviros
605 2225 641 2268 re
663 2203 809 2288 publica,
838 2203 951 2267 relicto
973 2204 1018 2269 ad
1037 2205 1125 2271 urbis

155 2288 330 2352 raesidium
351 2287 491 2372 Lepido,
520 2286 641 2352 Cacsar
663 2309 736 2351 cum
755 2288 898 2351 Antonio
920 2288 955 2350 in
979 2285 1126 2353 Cassium

108 2309 333 2455 obrutumque
357 2372 565 2454 succingitur.
587 2369 635 2434 illi
655 2372 846 2455 comparatis
868 2369 1056 2454 ingentibus
1079 2391 1126 2434 co-

132 2454 195 2596 piis
224 2452 359 2517 eandem
386 2453 489 2533 illam,
518 2475 600 2539 quae
627 2452 735 2516 fatalis
758 2453 850 2518 Gneo
873 2452 1027 2537 Pompeio
1058 2453 1152 2534 faita

156 2555 287 2602 arenam
316 2535 512 2599 insederant.
543 2535 601 2599 sed
627 2556 688 2599 nec
716 2544 785 2599 turn
812 2537 919 2599 omina
941 2535 1126 2601 inminentis

100 2638 114 2685 7
134 2617 235 2680 cladis
257 2616 429 2680 latuerunt.
449 2639 525 2682 narn
546 2627 578 2681 st
599 2618 701 2702 signis
722 2618 842 2682 insedit
864 2639 1000 2683 examen
1023 2628 1056 2683 et
1074 2619 1126 2684 ad·

134 2708 243 2763 suetae
269 2698 464 2763 cadaverum
484 2700 604 2786 pabulo
625 2702 774 2765 uolucres
796 2704 888 2786 quasi
909 2704 974 2765 iam
991 2722 1050 2765 sua
1069 2707 1126 2766 cir·

134 2782 374 2864 cumvolabant,
408 2792 440 2846 et
464 2785 500 2847 in
527 2785 629 2847 aciem
655 2784 888 2868 prodeuntibus
920 2785 1036 2849 obvius
1064 2785 1127 2850 Ae

108 2867 238 2952 ethiops
260 2867 355 2929 nimis
376 2876 486 2950 aperte
506 2867 608 2931 ferale
630 2868 757 2950 signum
776 2867 847 2931 fuit.
876 2870 1001 2954 ipsique
1023 2867 1153 2933 Brutos

132 2972 192 3035 per
212 2958 352 3031 noctem,
375 2971 448 3013 cum
468 2949 568 3015 inlato
591 2949 710 3014 lumine
729 2973 771 3014 ex
787 2972 875 3014 more
891 2950 1000 3037 aliqua
1017 2972 1127 3016 secum

133 3035 285 3116 agitaret,
318 3041 389 3096 atra
416 3033 578 3117 quaedam
610 3033 716 3117 imago
749 3055 784 3096 se
815 3034 931 3097 obtulit
963 3041 1008 3114 et,
1043 3056 1126 3121 quae

134 3126 219 3179 esset
246 3119 457 3215 interrogata,
490 3123 600 3179 ‘tuus'
626 3117 730 3202 inquit
759 3117 880 3181 ‘malus
908 3117 1021 3200 genius
1028 3122 1052 3197 ,’
1090 3138 1127 3182 ae

108 3198 194 3276 9sub
216 3199 317 3262 oculis
338 3200 484 3262 m1rantis
501 3200 641 3263 evanuit.
664 3201 735 3285 pari
752 3201 787 3262 in
806 3201 939 3264 meliora
954 3202 1126 3285 praesagio

134 3281 169 3341 in
191 3278 340 3344 Caesaris
368 3283 481 3346 castris
509 3283 617 3347 omnia
639 3305 714 3346 aves
736 3284 887 3347 victimae
909 3304 950 3346 ue
970 3285 1154 3368 promisca

134 3370 217 3425 rant.
250 3363 308 3426 scd
334 3364 415 3429 nihil
441 3364 498 3430 illo
516 3365 750 3463 praestantius,
780 3367 866 3451 quod
888 3305 1038 3431 Caesaris
1060 3389 1126 3432 me-

134 3445 227 3509 dic'us
249 3447 372 3511 somnio
395 3449 578 3515 admondus
601 3454 665 3531 est,
691 3456 728 3513 ut
750 3447 871 3514 Caesar
893 3449 1007 3514 eastris
1030 3471 1125 3516 exce-
