2356 3818
488 221 774 272 nomannorum

341 420 421 487 1111.
455 420 636 487 SEDITIO
656 420 928 487 APVLEIANA.

68 543 166 629 111,16
219 537 328 605 Nihilo
345 540 451 605 minus
466 536 625 623 Apuleius
642 535 834 601 Saturninus
850 537 1045 603 Gracchana

138 644 245 690 serere
261 622 351 708 leges
368 645 433 690 non
449 621 582 686 destitit.
606 628 732 686 tantum
749 623 929 686 animorum
940 622 1046 688 Mario

135 709 208 789 bat,
223 707 279 794 qui
289 706 451 777 nobilitati
465 726 591 788 semper
601 704 766 786 inimicus,
784 704 954 770 consulatu
973 731 1034 773 suo

135 802 225 859 terea
250 790 390 857 confisus
405 788 475 850 ***.
505 789 612 854 occiso
637 789 745 876 palam
771 789 909 856 comitiis
937 792 979 855 A.
1014 791 1044 854 N

136 876 334 960 conpetitore
361 871 547 937 tribunatus
576 871 753 957 subrogare
780 881 913 940 conatus
936 884 986 939 est
1011 877 1046 939 in

135 960 242 1026 locum
260 957 297 1022 O.
317 954 514 1037 Gracchum,
533 955 695 1022 hominem
714 959 784 1023 sine
800 956 902 1038 tribu,
924 960 1046 1024 sinen<

136 1046 205 1109 sine
223 1041 369 1120 nomine3
392 1047 441 1102 set
454 1038 588 1105 subdito
605 1039 699 1105 titulo
716 1042 753 1104 in
770 1039 926 1105 familiam
940 1044 1013 1127 ipse
1033 1067 1046 1107 s

110 1124 276 1212 toptabat.
303 1143 376 1186 cum
397 1131 445 1187 tot
461 1124 625 1209 tantisque
649 1123 798 1188 ludibriis
823 1124 984 1188 exultaret
1004 1129 1046 1213 in]

135 1206 291 1292 rogandis
303 1205 524 1272 Gracchorum
542 1206 670 1292 legibus
686 1209 732 1271 ita
748 1207 956 1272 vehementer
974 1211 1046 1275 ineu

134 1301 171 1355 ut
189 1299 338 1357 senatum
355 1313 482 1390 quoque
499 1299 630 1375 cogeret
646 1293 681 1355 in
692 1290 794 1355 verba
810 1292 933 1374 iurare,
950 1314 1046 1358 cumr

106 1373 265 1458 gentibus
283 1395 368 1474 aqua
386 1384 418 1440 et
435 1375 505 1459 igni
521 1375 767 1439 interdicturum
779 1376 966 1440 minaretur.
991 1399 1046 1443 uni

135 1480 211 1524 men
229 1459 356 1559 extitit,
369 1460 425 1609 ‹ppi
441 1459 554 1524 mallet
570 1456 713 1524 exilium.
743 1460 843 1544 igitur
859 1471 933 1546 post
950 1461 1046 1527 Mete]

160 1564 212 1607 am
230 1564 318 1610 omm
337 1564 380 1610 no

135 1565 371 1710 domina-retur,
385 1649 422 1695 eo
434 1628 608 1693 uaesaniae
620 1647 814 1712 progressus
826 1637 889 1709 est,
903 1637 939 1693 ut
951 1650 1046 1693 consu

109 1733 264 1797 4quoque
281 1713 410 1776 comitia
423 1732 509 1777 nova
529 1709 628 1775 caede
645 1710 801 1776 turbaret.
827 1714 944 1798 quippe
957 1723 994 1775 ut
1018 1737 1046 1776 sa

135 1804 203 1860 tem
223 1793 341 1860 furoris
366 1797 417 1860 sui
439 1794 608 1859 Glauciam
632 1794 798 1859 consulem
818 1794 954 1876 faceret,
981 1795 1046 1861 Pul

134 1876 324 1943 Memmium
335 1879 566 1964 conpetitorem
577 1875 715 1941 interfici
726 1878 837 1959 iussit,
856 1888 887 1941 et
898 1880 932 1941 in
945 1901 982 1943 eo
995 1890 1046 1944 tur

134 1981 245 2046 regem
262 1984 334 2029 sea
359 1959 552 2027 satellitibus
571 1959 637 2029 suis
651 1958 848 2044 appellatum
871 1960 974 2024 laetus
999 1986 1046 2028 ac<

108 2053 202 2108 stum
222 2069 301 2112 vero
321 2049 387 2129 iam
404 2042 642 2127 conspiratione
660 2051 807 2124 senatus,
832 2045 844 2107 i
867 2065 902 2110 so
922 2066 1046 2131 quoquc

135 2127 239 2195 Mario
249 2129 397 2210 consule,
411 2127 487 2212 quia
498 2126 583 2190 tueri
593 2147 660 2192 non
669 2135 811 2213 poterat,
823 2066 976 2209 adverso,
992 2131 1046 2194 dir

107 2212 252 2285 sinforo
264 2216 367 2294 acies;
388 2208 502 2310 pulsus
519 2210 598 2276 inde
616 2209 815 2298 Capitolium
835 2213 965 2277 invasit.
991 2218 1046 2280 sed

135 2295 280 2385 abruptis
298 2293 416 2367 fistulis
433 2293 635 2363 obsideretur
653 2298 842 2385 senatuique
853 2319 912 2383 per
922 2296 1046 2382 legatos

134 2378 545 2465 nitentiaefidemvfa'ceret,
564 2378 699 2445 abarce
719 2381 892 2465 degressus
911 2403 984 2445 cum
996 2383 1046 2446 du<

135 2463 285 2532 factionis
295 2485 369 2530 rece
392 2474 444 2530 tus
455 2466 490 2528 in
502 2466 625 2535 curiam
636 2471 693 2526 est.
706 2462 753 2526 ibi
766 2486 839 2529 eum
849 2464 935 2527 facta
945 2468 1044 2552 inrup

132 2547 271 2694 populus
282 2486 423 2617 fustibus
434 2549 589 2632 saxisque
601 2553 748 2640 opertum
759 2549 794 2611 in
804 2549 876 2633 ipsa
887 2571 1015 2636 quoque
1029 2574 1046 2614 n

145 2634 297 2699 coeravit.

293 2797 294 2801 a
368 2758 410 2824 v.
440 2711 622 2823 sunium
642 2756 884 2833 onustam.
1003 2754 1008 2763 ’

65 2888 115 2956 111,
132 2873 172 2939 17
215 2861 381 2957 Postremo
391 2868 507 2935 Livius
517 2871 649 2939 Drusus
656 2852 727 2936 non
744 2869 928 2935 tribunatus
945 2872 1042 2938 modo

133 2957 210 3034 bus,
232 2951 290 3016 sed
304 2953 407 3039 ipsius
424 2956 520 3022 etiam
538 2965 670 3023 senatus
686 2955 875 3039 auctoritate
886 2956 1046 3041 totiusque

133 3038 196 3103 liae
207 3056 367 3104 consensu
377 3039 509 3106 easdem
519 3039 609 3126 leges
620 3040 771 3105 adserere
782 3047 915 3104 conatus
921 3086 930 3120 ,
943 3038 1046 3103 duma

110 3129 241 3205 zoaptat
258 3121 395 3206 axelio,
414 3132 539 3205 tantum
557 3123 709 3191 conflavit
726 3123 926 3206 incendium,
943 3132 979 3186 ut
992 3144 1046 3187 ne<

133 3203 327 3279 mamillius
350 3206 511 3274 flammam
529 3216 640 3296 posset
664 3208 823 3272 sustinere
845 3215 876 3270 et
898 3204 1006 3270 subita
1026 3230 1046 3271 n

404 1542 507 1608 ilitate
523 1541 674 1629 perculsa
691 1565 764 1607 cum
780 1545 845 1608 iam
861 1546 994 1610 tertium
1017 1569 1046 1609 ar

134 3297 298 3375 correptus
310 3288 585 3357 hereditariumin
616 3302 739 3359 osteros
753 3313 827 3357 suos
838 3289 960 3356 bellum
970 3311 1030 3377 pro

108 3380 193 3440 aret.
218 3373 388 3438 iudiciaria
403 3374 475 3458 lege
496 3314 636 3456 Greocld
653 3376 832 3441 diviserant
846 3313 1046 3461 populumld

133 3477 210 3522 num
224 3465 256 3523 et
266 3455 431 3543 bicipitem
443 3480 485 3526 ex
495 3480 561 3528 una
570 3459 714 3526 lacerant
724 3460 898 3526 civitatem.
923 3459 1046 3544 equites
