2356 3818
43 174 47 180 ’
133 166 173 234 38
483 177 588 231 mom
603 177 766 229 armona

85 390 89 401 .
108 322 250 421 litaque,
273 333 321 397 uti
337 319 466 416 frugum
485 319 608 395 semina
625 336 745 394 mutato
767 327 835 394 solo
853 327 1068 426 degenerant,
1086 332 1119 393 si<

133 419 191 482 illa
206 417 347 503 genuina
368 415 480 479 feritas
501 434 609 477 eorum
624 412 769 476 Asiatica
788 420 982 492 amoenitate
1006 412 1119 478 mollita

108 510 191 582 5est.
222 499 346 565 duobus
365 500 472 583 itaque
487 494 617 580 proeliis
634 495 700 559 lusi
722 496 758 559 ln
782 496 888 581 atique
910 503 998 577 sunt,
1022 517 1119 582 quam·

133 583 259 648 vissuh
277 583 418 648 adventu
434 580 534 644 hostis
556 577 677 642 relictis
699 579 768 642 sedi
791 600 830 642 us
848 579 883 640 in
899 577 1081 644 altissimos
1097 601 1119 643 s<

132 676 256 731 montes
277 688 350 730 rece
373 667 483 731 issent.
515 660 724 747 Tolostobogi
747 643 928 760 Olympum,
953 645 1119 746 Tectosag

132 750 272 836 Magaba
282 689 476 815 insederant.
496 745 656 831 utrimque
666 745 776 808 lundis
788 745 913 830 sag1ttis
936 766 978 814 ue
991 746 1119 810 detract

106 835 167 903 ein
187 842 373 920 perpetuam
388 851 429 896 se
448 849 561 914 pacem
582 828 782 923 dediderunt.
807 828 865 892 sed
886 767 1015 912 albgati
1035 831 1119 892 mira

132 917 204 983 culo
223 917 353 1004 quidam
369 910 468 992 luere,
488 932 560 975 cum
577 921 706 976 catenas
724 910 883 975 morsibus
900 919 932 974 et
949 932 1008 975 ore
1030 921 1119 998 temp·

131 1008 267 1080 tassent,
294 1004 369 1061 'cum
390 995 574 1060 offocandas
594 996 734 1061 invicem
756 995 866 1059 fauces
887 993 1118 1080 praebuissent

131 1086 207 1146 nam
225 1080 428 1165 Orgiacontis
444 1100 527 1143 uxor
544 1100 564 1141 a
580 1080 765 1143 centurione
788 1086 931 1163 stuprum
946 1098 1047 1161 passa
1065 1101 1119 1143 me·

132 1163 281 1229 morabili
305 1162 452 1248 exemplo
481 1162 658 1226 custodiam
682 1163 804 1244 evasit,‘
823 1160 1053 1247 revolsumque
1075 1162 1119 1226 ad·

130 1247 226 1312 ulteri
248 1245 348 1311 hostis
376 1253 472 1331 eaput
492 1244 534 1308 ad
556 1245 705 1309 maritum
723 1245 909 1332 reportavit.
1108 1266 1119 1302 ι

131 1380 294 1446 xxvru.
317 1378 500 1445 sannvu
515 1346 849 1444 mounomcvu
868 1376 1119 1464 snornnvn

65 1522 101 1588 11,
111 1506 148 1572 12
217 1486 305 1562 Dum
327 1495 409 1561 aliae
425 1497 576 1584 'aliaeque
593 1505 705 1581 gentes
726 1493 851 1581 Syriaci
874 1493 952 1558 belli
975 1498 1119 1562 secuntu

107 1582 267 1664 eminam,
290 1581 480 1646 Macedonia
502 1602 612 1644 rursus
633 1601 668 1643 se
693 1581 805 1643 erexit.
839 1577 1051 1643 fortissimum
1073 1603 1119 1667 po·

134 1665 245 1753 pulum
261 1667 414 1729 memoria
436 1673 468 1728 et
489 1664 669 1728 recordatio
687 1683 763 1727 suae
778 1660 954 1725 nobilitatis
972 1663 1119 1746 agitabat

134 1759 166 1814 et
184 1757 381 1845 successerat
397 1747 505 1831 Philip
529 1767 546 1808 o
564 1745 648 1808 filius
664 1746 791 1843 temes,
812 1746 867 1830 qui
888 1744 986 1807 semel
1006 1748 1040 1810 in
1058 1769 1119 1833 per<

109 1827 810 1976 attlutttttttttdtlttttt
823 1825 1119 1999 titlttttttt

138 1934 311 2078 subfflpatre
334 2002 505 2076 exurgunt.
539 1993 657 2077 quippe
678 1992 821 2055 Thracas
842 1993 876 2054 in
896 2012 948 2054 res
972 2014 1048 2056 suas
1069 2007 1119 2062 tra

134 2084 259 2158 xerunt,
278 2075 383 2162 adque
399 2078 445 2138 ita
459 2076 652 2139 industriam
663 2075 878 2141 Macedonum
888 2073 1012 2138 viribus
1027 2078 1119 2144 Thra

134 2183 216 2243 cum,
239 2160 393 2224 ferociam
409 2157 570 2224 Thracum
594 2159 764 2246 disciplina
779 2157 988 2223 Macedonica
1008 2169 1119 2250 tempe

107 2258 258 2310 trevere.
290 2244 427 2309 accessit
447 2243 498 2308 his
521 2243 690 2309 consilium
711 2244 811 2325 ducis,
826 2243 889 2330 qui
910 2244 1007 2307 situm
1024 2248 1119 2331 regio

132 2352 209 2393 num
232 2351 362 2393 suarum
389 2350 408 2393 a
431 2350 553 2394 summo
583 2350 597 2391 s
622 2327 764 2392 conlatus
787 2327 912 2395 Haemo
933 2329 1048 2412 positis
1072 2352 1119 2415 pet

133 2413 270 2498 abrupta
290 2415 404 2491 castris
432 2414 477 2475 ita
496 2350 719 2476 Macedoniam
743 2421 835 2475 suam
856 2415 954 2477 armis
975 2411 1119 2500 ferroqm

133 2495 319 2576 vallaverat,
340 2504 462 2559 utnon
485 2493 653 2580 reliquisse
674 2494 797 2558 aditum
815 2496 878 2558 nisi
900 2517 919 2558 a
941 2493 1030 2560 eaelo
1051 2518 1119 2560 ven

108 2579 216 2641 esuris
239 2577 385 2642 hostibus
408 2577 582 2641 videretur.
615 2585 722 2639 tamen
744 2577 867 2644 Marcio
883 2578 1034 2664 Philippo
1054 2601 1118 2646 con

136 2660 205 2724 sule
228 2681 298 2723 eam
315 2661 514 2745 provinciam
538 2661 703 2744 ingressus
720 2662 857 2748 populus
875 2663 1049 2743 Romanus,
1075 2685 1119 2726 ex

157 2743 267 2809 loratis
297 2743 468 2830 diligenter
499 2743 681 2809 accessibus
710 2767 769 2830 per
794 2746 953 2810 Astudam
976 2745 1119 2831 paluden

134 2767 400 2914 l³errhaebosque
420 2828 559 2893 tumulos
581 2828 642 2892 illa
658 2828 844 2894 volucribus
865 2850 1001 2916 quoque,
1025 2839 1063 2893 ut
1082 2831 1119 2893 vi

101 2979 106 3001 ,
136 2911 310 2992 debentur,
338 2912 427 2976 invia
448 2913 583 2976 accessit
623 2934 797 2997 regemque
819 2934 967 2976 securum
993 2920 1025 2976 et
1048 2912 1119 2976 nihi

32 3040 35 3051 «
135 2995 199 3059 tale
228 3003 422 3061 metuentem
451 2995 557 3060 subita
586 2961 666 3061 belli
695 2996 877 3094 inruptione
907 2995 1119 3082 deprehendit

111 3080 227 3142 tertius
238 3087 327 3142 tanta
343 3078 514 3164 trepidatio
531 3080 602 3162 fuit,
618 3087 654 3142 ut
668 3099 838 3224 pecumam
856 3101 983 3145 omnem
994 3081 1028 3143 in
1038 3101 1119 3144 mar<

136 3162 265 3225 iusserit
281 3163 384 3247 mergi
401 3185 443 3226 ne
460 3166 589 3248 periret,
608 3171 639 3226 et
655 3180 790 3225 cassem
809 3164 944 3228 eremari
961 3186 1003 3227 ne
1019 3164 1119 3228 incen

113 3243 279 3308 tderetur.
301 3245 403 3310 Paulo
415 3247 559 3327 consule,
573 3267 646 3310 cum
655 3246 778 3310 maiora
796 3257 827 3311 et
843 3246 1119 3311 crebrioraessen

137 3327 276 3410 inposita
296 3330 466 3413 praesidia,
486 3351 544 3415 per
569 3328 648 3392 alias
670 3329 740 3392 vias
761 3331 952 3395 Macedonia
970 3332 1119 3417 deprensa

138 3418 201 3490 est,
224 3431 347 3479 summa
370 3413 499 3500 quidem
519 3421 587 3477 arte
609 3421 641 3477 et
659 3413 817 3479 industria
838 3414 942 3497 ducis,
969 3437 1044 3480 cum
1065 3415 1119 3482 alit
