2356 3818
79 230 124 299 v1'
523 247 731 297 unianimo.

79 395 116 449 lia
127 394 221 466 opima
233 409 259 448 a.
272 411 298 447 u.
312 395 389 461 317.,
402 408 465 447 cum
477 393 601 447 tribunus
614 392 670 447 mil.
683 392 711 447 in
722 393 833 464 legione
845 399 931 448 esset.
959 390 1018 449 Sed
1037 396 1101 454 sive
1111 402 1140 453 tn
1175 451 1176 461 ,

79 480 140 534 sive
153 478 285 548 magister
297 477 419 545 equitum
435 476 496 534 sive
512 475 611 529 consul
623 491 657 528 ea
668 478 759 531 retulit
770 475 874 532 Cossus
885 519 893 545 ,
905 478 1004 533 Florus
1016 495 1075 534 non
1094 498 1125 537 ca
1139 503 1151 525 v
1175 529 1177 550 ,

78 560 303 633 reprehensione,
311 559 723 631 quiturbatarationetemporis
731 560 922 615 narrationide
930 561 1078 618 obsidione
1086 567 1141 621 Ve'

21 644 24 652 '
78 661 139 701 rum
149 647 318 716 interponat,
333 643 409 716 quod
426 643 568 697 minimum
579 641 631 696 XX
647 644 726 699 annis
738 650 801 698 ante
813 659 875 698 eam
887 645 1044 701 inchoatam
1058 656 1123 720 gest
1150 673 1151 676 ¹
1175 702 1177 708 s

77 728 191 784 iuerat?
219 728 326 796 Quodsi
345 730 443 783 Florus
459 731 535 781 tanto
554 742 639 796 opere
659 729 778 796 erravit,
793 729 883 799 potuit
897 729 973 784 illurn
992 746 1105 803 quoque
1131 758 1134 766 ¹
1173 757 1177 808 i

77 829 168 870 rorem
181 813 208 866 in
227 829 257 868 se
278 811 437 880 admittere,
458 816 487 865 ut
504 810 618 864 militem
632 811 769 865 iurantem
784 814 887 868 laceret
899 830 929 868 se
948 815 1039 884 spolia
1051 817 1089 871 de
1102 834 1139 881 re
1175 863 1178 883 ,,

77 899 225 953 relaturum
239 912 313 951 esse.
322 925 364 935 -
380 898 422 961 13,
435 897 467 953 17
480 894 738 966 adpropinquabant
747 896 800 951 IN:
819 898 1046 970 propinquabant
1055 900 1116 957 ΒΟ.
1174 957 1176 970 ,

79 986 121 1051 13,
134 985 168 1039 35
184 981 310 1051 templum
325 978 575 1047 B1(saltemlep):
598 980 724 1048 templum
734 980 792 1035 eius
806 979 863 1038 ΝΟ.
889 1010 933 1021 -
958 985 999 1050 14,
1013 986 1031 1038 4
1048 985 1109 1040 adl
1174 1009 1177 1017 ·

77 1065 203 1136 Lipsius:
221 1065 338 1136 alioquin
356 1061 439 1116 codd.
453 1067 479 1116 et
491 1062 524 1117 0.
535 1088 578 1100 -
600 1067 641 1128 15,
653 1067 669 1117 5
685 1061 841 1118 Romanam
854 1065 947 1120 urbem
961 1064 1036 1120 BIN:
1049 1067 1095 1123 Ro
1128 1095 1142 1115 o

77 1149 171 1204 urbem
183 1147 215 1204 0.
252 1145 299 1202 sie
322 1145 385 1201 item
406 1162 434 1216 p.
454 1143 550 1213 73,20
568 1161 602 1200 ex
617 1144 665 1200 BN
688 1147 794 1202 restitui
807 1147 842 1202 de
858 1150 1012 1220 invadenda
1028 1152 1099 1207 arbe
1110 1152 1140 1208 v
1173 1198 1178 1219 ³

77 1247 174 1295 mana,
192 1246 255 1284 curn
267 1231 354 1284 rarior
373 1230 474 1284 locutio
492 1231 534 1298 (v.
552 1229 739 1299 Arnpeliumc
760 1233 837 1289 10111
862 1231 1089 1303 urbeRomana)
1126 1260 1141 1283 n
1174 1289 1178 1298 Ι

63 1315 131 1386 'tius
143 1313 264 1369 notanda
277 1329 359 1385 quam
369 1312 537 1384 corrigenda
549 1313 592 1368 sit.
613 1312 730 1383 Scripsit
741 1320 833 1369 tamen
844 1314 943 1370 Florus
955 1333 983 1386 p.
992 1320 1061 1384 54,9
1072 1337 1121 1373 ur
1129 1350 1136 1365 .
1150 1361 1151 1364 ,

77 1399 210 1467 Romam,
227 1403 256 1452 ut
274 1397 368 1468 optimi
385 1399 535 1467 scriptores
548 1396 641 1451 dicere
654 1400 752 1452 solent.
764 1427 807 1437 -
820 1403 866 1465 15,
880 1401 912 1456 11
925 1400 990 1468 plus
1006 1415 1066 1455 esse
1076 1404 1105 1457 in
1121 1405 1147 1455 “,

75 1483 201 1554 perioB:
217 1483 283 1553 plus
299 1483 328 1536 in
345 1483 459 1553 imperio
474 1496 532 1536 esse
549 1480 608 1536 ΝΟ.
632 1510 674 1519 -
699 1484 773 1552 16,5
793 1483 874 1535 amici
883 1482 946 1538 BO:
965 1486 1057 1538 amicti
1066 1486 1092 1541 N
1104 1487 1128 1542 lo
1149 1533 1150 1536 ,
1176 1534 1178 1537 ,

79 1573 153 1622 recte
173 1571 456 1634 —16‚ltoruatam
472 1566 500 1619 lb
513 1571 540 1619 et
551 1565 698 1620 Heinsius:
718 1573 854 1622 armatam
872 1566 929 1621 BN.
958 1596 1000 1606 -
1029 1569 1079 1635 17,
1096 1577 1111 1628 1

77 1656 167 1706 tamen
183 1664 288 1723 quoque
302 1650 351 1705 Bl:
381 1655 471 1705 tamen
480 1650 521 1703 sic
530 1662 635 1720 quoque
646 1649 686 1717 N,
700 1650 741 1704 sic
750 1665 855 1722 quoque
866 1649 903 1716 0,
923 1656 951 1704 ut
962 1658 1004 1705 est
1021 1667 1049 1720 p.
1064 1657 1109 1720 15,
1120 1650 1150 1710 tt
1177 1713 1178 1720 ¹

14 1796 17 1811 ,
79 1738 122 1800 91,
134 1739 178 1792 ss.
193 1738 236 1800 so,
249 1738 291 1792 ro.
318 1732 385 1793 oum
401 1740 494 1788 amen
509 1731 608 1786 eaden
620 1733 723 1787 locutio
736 1734 818 1788 enam
829 1751 858 1804 p.
871 1722 959 1805 104,'o
974 1734 1052 1790 nous
1064 1735 1133 1791 nau

78 1818 122 1883 sit,
134 1817 262 1888 religioni
274 1818 365 1872 luitab
378 1832 472 1872 eorum
487 1817 648 1870 auctoritate
658 1816 701 1871 bis
715 1816 865 1896 decepere.
898 1816 955 1872 Nec
967 1816 1111 1875 dissimilis
1127 1842 1149 1865 ιν

78 1902 125 1956 illa
143 1901 312 1956 abundantia
329 1916 358 1971 p.
370 1904 420 1967 16,
437 1904 487 1958 132
505 1905 661 1956 ettamen
681 1917 743 1956 cam
761 1901 885 1957 Punicae
898 1902 1026 1971 praedae
1042 1918 1151 1957 trimo
1175 1952 1178 1954 ,

72 1986 274 2056 promunturiis
288 1985 436 2057 insulisque
447 1984 598 2056 fluitarent,
612 1985 730 2054 popalus
745 1985 887 2041 Romanus
903 1986 998 2039 etsie
1011 1985 1150 2059 triumplu

77 2071 121 2126 uit.
138 2096 180 2108 —
197 2069 245 2133 17,
263 2074 298 2126 1ο
311 2069 516 2139 sollemnemque
532 2067 657 2140 familiae
669 2083 737 2124 saue
750 2071 980 2125 consecrationem
994 2094 1090 2111 ---—
1097 2082 1149 2141 pm
1175 2138 1178 2141 ,

78 2153 130 2225 epit
148 2151 185 2207 B:
210 2151 417 2224 sollemnemque
435 2150 507 2223 sam.
527 2166 595 2207 strae
615 2148 845 2208 consecrationem
864 2181 901 2191 -
922 2180 965 2192 -
980 2152 1086 2224 redepit
1105 2152 1138 2209 Nt

63 2306 67 2317 Ι
78 2237 170 2292 Lectio
183 2235 289 2291 codicis
300 2235 323 2289 B
341 2236 408 2291 mihi
421 2235 531 2306 quidem
544 2236 663 2308 insignis
683 2238 812 2309 vulgatae
825 2235 981 2292 emendatio
993 2235 1114 2293 videtur.

79 2322 120 2388 17,
132 2325 166 2380 16
177 2321 280 2375 cumir's
296 2319 370 2391 Bpr.
383 2332 436 2375 m.:
453 2335 514 2375 cum
527 2320 604 2376 nisu
617 2321 776 2388 corneto,
796 2337 858 2376 cam
872 2322 930 2375 istis
946 2321 980 2375 N.
1021 2320 1101 2378 Latet
1111 2321 1135 2376 lo

78 2420 123 2459 me
139 2406 172 2458 tis
189 2405 271 2458 etiarn
289 2405 316 2457 in
330 2403 431 2458 mendo
446 2405 535 2472 curis,
551 2404 626 2474 quod
637 2410 679 2459 est
698 2405 724 2458 in
744 2405 783 2474 lp.
793 2430 836 2443 ·-
864 2408 904 2472 17,
915 2407 950 2459 31
966 2404 1100 2460 mirabilis
1113 2404 1152 2459 aa

79 2487 145 2544 NO:
176 2487 295 2541 mirabili
304 2489 356 2542 sita
367 2488 389 2542 B
402 2490 463 2542 lort.
477 2491 588 2543 rectius.
611 2515 654 2527 -
675 2491 715 2548 18,
730 2491 763 2544 13
780 2487 970 2541 Ferentaneae
984 2493 1091 2542 turmae
1101 2484 1151 2542 Bt:

79 2571 252 2626 Ferentanae
263 2576 369 2627 turmae
385 2572 418 2628 0.
430 2602 472 2612 -
489 2575 532 2638 18,
543 2575 680 2642 28pupnu
693 2569 749 2641 fuit
763 2571 889 2625 Arusinis
900 2584 966 2640 quos
977 2577 1075 2624 uocant
1090 2582 1153 2625 cau·

18 2697 21 2703 ,
75 2656 120 2725 pis
127 2654 326 2711 Mommsenius
335 2670 341 2710 :
349 2673 446 2728 pupae
459 2656 630 2728 sybarasinis
642 2653 817 2722 (subiturosin
831 2652 910 2718 11131)
923 2671 950 2724 q.
965 2671 989 2709 u.
1004 2656 1110 2723 eampis
1120 2647 1153 2713 111,

76 2754 171 2811 pupna
182 2739 231 2794 sub
242 2740 370 2796 Arusinis
383 2757 409 2813 q.
420 2758 445 2796 u.
456 2740 562 2809 campis
587 2737 645 2794 ΝΟ.
686 2735 725 2792 Cl.
738 2736 825 2792 Iahnii
844 2738 930 2807 prael.
944 2754 972 2807 p.
986 2737 1076 2790 XXXI
1095 2743 1121 2792 et
1133 2748 1152 2788 r.

79 2823 201 2878 Frontini
214 2823 335 2896 Strateg.
346 2825 393 2892 IV,
409 2829 451 2890 11,
467 2826 514 2881 14:
527 2824 593 2878 uicto
608 2836 639 2877 eo
651 2821 786 2893 (Pyrrho)
796 2823 825 2876 in
837 2822 940 2892 campis
951 2822 1078 2875 Arusinis
1090 2825 1154 2876 circa

80 2908 173 2962 arbem
197 2908 389 2964 Beneuentum.
428 2907 468 2962 Ne
494 2906 556 2976 quis
580 2908 609 2960 in
630 2908 765 2977 requirat,
791 2906 903 2960 contero
919 2908 1053 2989 [11137
1069 2907 1104 2960 ite

82 2989 221 3062 Pomptino
242 3008 310 3063 apro
321 3021 363 3030 -
386 3019 422 3029 -
442 2990 500 3044 tulit
518 2991 615 3060 spolia.
634 3007 662 3062 p.
681 2994 769 3056 915.
788 2993 892 3056 16,13.
911 2996 958 3054 55,
970 2994 1013 3046 15.
1030 2991 1073 3056 85,
1086 2993 1113 3045 4.
1125 3012 1155 3039 ’-

82 3077 123 3143 19,
136 3079 169 3134 18
179 3075 325 3132 eoram-B:
343 3088 436 3130 eonem
449 3075 497 3145 qui
509 3073 710 3146 superfuerunt
725 3073 784 3129 ΝΟ.
821 3074 946 3128 Foedum
958 3074 1101 3144 glossema
1110 3088 1150 3127 mr

81 3157 237 3215 Seebodius
253 3154 404 3228 expulerat.
417 3184 459 3194 -
471 3160 512 3222 19,
525 3163 557 3216 19
568 3157 698 3231 Pyrrhus
708 3159 779 3214 idem
790 3157 818 3213 ‘o
832 3157 982 3229 me’inpuit
993 3155 1155 3212 Seeuodius:

80 3243 113 3298 P.
128 3243 198 3299 idem
214 3257 292 3298 omne
307 3241 392 3312 inquit
401 3239 466 3308 BN,
482 3239 612 3312 Pyrrhus
629 3242 715 3299 ‘uideo
734 3243 788 3298 me
803 3244 891 3315 inquit
907 3242 927 3298 0
942 3247 968 3295 et
984 3241 1103 3311 priores.

83 3331 123 3394 19,
135 3332 168 3385 ‘tu
182 3329 230 3399 qui
241 3340 329 3396 porro
340 3324 379 3378 N:
405 3325 471 3396 quid
482 3342 571 3394 porro
582 3327 646 3395 1303
675 3332 703 3381 ot
720 3329 756 3384 cl.
768 3344 797 3383 v.
810 3333 844 3385 11
860 3328 907 3399 qui
923 3324 967 3380 ille
980 3333 1091 3394 senatus
1102 3321 1157 3396 fuit·

81 3439 123 3450 -
136 3415 179 3475 19,
189 3413 224 3466 31
241 3409 371 3463 intactam
388 3408 488 3481 reliqui
505 3411 650 3467 lectionem
668 3413 774 3468 codicis
785 3411 824 3466 B:
850 3411 910 3482 quis
923 3425 987 3480 erpo
997 3411 1113 3463 miretur
1125 3404 1158 3462 ts

80 3492 199 3549 mantus
216 3492 248 3560 (1.
261 3508 287 3546 e.
303 3509 365 3550 cum
376 3493 405 3551 hi
421 3502 515 3552 essent
526 3498 633 3567 mores)
649 3513 682 3555 ea
698 3499 732 3568 (i.
744 3515 769 3554 e.
782 3500 857 3552 tanta
869 3496 915 3551 vel
931 3494 993 3562 tali)
1010 3495 1107 3552 urna
1117 3486 1158 3547 rai·
