2356 3818
203 180 308 278 mans
329 202 556 276 nruomsnrs.
583 210 903 276 xxx-XXXVI.
1009 176 1049 279 2'5

44 404 114 450 rex
134 380 301 468 appellari.
344 377 540 461 Antiochus,
583 380 618 443 ui
638 382 702 444 iam
721 380 858 464 scriptus
882 389 941 444 est.
983 381 1074 449 Eua

46 487 163 532 menes
185 465 285 547 alius,
307 464 363 550 qui
375 464 536 528 Romanos
584 464 758 528 aoedonioo
771 460 858 527 bello
874 464 958 528 iuvit
977 486 1049 529 oum

46 550 153 616 milite
181 570 250 627 suo.
292 547 439 629 Attalus,
468 548 524 633 qui
543 568 602 633 pro
622 546 775 611 Romanis
805 569 901 633 saepe
925 560 1075 633 pugna-3

49 638 117 716 vit,
138 632 224 697 idem
245 641 436 698 testamento
459 652 517 696 suo
531 632 686 718 populum
697 632 878 696 Romanum
898 631 1074 697 heredem

50 719 142 784 feeit.
568 740 570 745 ’

94 840 279 908 xxxnu.
322 802 468 905 raons
496 839 633 907 ronrr
658 841 718 904 nr
744 839 1006 905 ainamma.

135 955 334 1036 Pharnaces,
362 976 422 1018 rex
442 954 628 1040 Bithyniae,
650 955 736 1019 filius
757 953 970 1035 Mithridatis,
993 953 1074 1040 quil

48 1039 136 1104 bello
159 1038 249 1102 civili
274 1037 360 1123 quod
380 1038 416 1102 in
436 1036 607 1103 Pharsalia
634 1048 761 1123 gestum
783 1048 846 1120 est,
873 1039 974 1102 milite
994 1059 1049 1123 pa·

46 1125 108 1187 tris
126 1124 176 1186 sui
190 1120 318 1208 Syriam
338 1123 467 1206 invasit,
489 1135 522 1186 et
543 1123 685 1188 adventu
699 1123 857 1206 Caesaris,
879 1133 1049 1221 antequam

50 1208 86 1271 in
103 1227 309 1290 congressum
329 1207 397 1270 eius
412 1208 552 1289 veniret,
575 1207 644 1294 ipso
656 1217 777 1274 terrore
790 1207 927 1271 nominis
943 1215 1047 1270 vrotus

48 1290 173 1374 refugit
199 1290 234 1353 in
253 1289 402 1354 Pontum.
446 1290 578 1355 Prusias
605 1313 680 1373 rex,
711 1292 831 1354 amicus
853 1313 894 1377 po
917 1289 964 1354 uli
984 1289 1074 1354 lto-2

48 1375 155 1456 mani,
184 1372 226 1437 ad
253 1396 355 1460 quem.
367 1372 511 1437 Annibal
537 1375 623 1438 vieto
643 1373 804 1439 Antiocho
827 1313 987 1458 oonldgit,
1017 1381 1049 1437 et

48 1481 124 1524 eum
146 1478 165 1521 a
186 1477 263 1542 rege
291 1467 519 1604 exposceretur
538 1480 597 1543 per
616 1457 739 1541 legatos
764 1479 891 1522 veneno
914 1479 948 1521 se
969 1457 1048 1521 lihe-

48 1543 147 1615 ravit.
190 1541 323 1605 Nioome
348 1556 398 1622 es,
426 1540 532 1604 socius
559 1552 590 1606 et
617 1542 738 1605 amicus
764 1563 806 1626 po
829 1541 876 1604 uli
900 1541 1075 1622 Romanii,

50 1628 88 1690 in
112 1625 202 1689 cuius
230 1627 372 1689 amicitia
397 1626 502 1710 prima
522 1633 627 1689 aetate
649 1623 772 1689 Caesar
837 1627 874 1706 ·t,
904 1626 959 1710 qui
983 1646 1049 1688 mos

48 1711 139 1773 riens
161 1718 351 1773 testamento
373 1718 406 1773 et
432 1709 502 1794 ipse
521 1708 674 1795 populum
694 1708 874 1773 Romanum
897 1708 1050 1773 heredem

49 1794 73 1871 †
97 1793 228 1858 dimisit.

205 1917 349 1983 XXXV.
393 1917 538 1983 REGES
556 1916 898 1984 ALEXANDRIAE.
954 1939 961 1952 “

135 2029 214 2094 Post
246 2039 380 2094 mortem
405 2030 585 2095 Alexandri
610 2023 798 2095 Macedonis
832 2037 1072 2129 regnaveruntl

49 2112 271 2178 Alexandriae
284 2115 305 2192 †
316 2115 367 2178 Ae
435 2122 503 2178 tum
520 2124 591 2186 octo
608 2114 785 2178 Ptolemaei
798 2135 936 2194 nomme,
957 2112 1050 2176 multi
1071 2114 1073 2119 ⁸

50 2198 224 2263 clarissimi
249 2198 323 2263 viri.
367 2136 575 2263 Pldlemaeus
602 2197 798 2282 Euergetes,
826 2198 881 2285 qui
904 2195 1073 2260 Alexan-2

50 2282 146 2346 drum
168 2290 245 2367 aput
264 2279 317 2345 Ox
341 2281 453 2346 dracas
474 2280 598 2345 obieoto
622 2281 725 2367 clipeo
747 2282 899 2367 protexit.
941 2279 1049 2343 Ptole·

49 2386 177 2445 maeus,
206 2365 274 2431 eius
295 2303 396 2446 filius,
421 2363 667 2451 Philadelphus,
695 2365 960 2444 litteratissimus,
992 2361 1048 2449 qui

48 2448 206 2533 plurimos
229 2447 328 2512 libros
357 2449 498 2513 Graecos
526 2450 664 2549 scripsit.
714 2448 917 2513 Ptolemaeus
945 2447 1075 2529 Soter,3

51 2532 110 2616 qui
121 2532 243 2616 ingenti
256 2531 359 2596 classe
374 2532 517 2597 Rhodios
533 2535 623 2598 viort.
666 2533 870 2598 Ptolemaeus
884 2531 1049 2618 Tryphon,

75 2615 109 2679 ui
131 2616 299 2680 seditiosos
322 2616 492 2681 in'theatro
515 2617 641 2702 sagittis
662 2617 789 2699 oceidit,
811 2618 890 2682 alios
911 2616 1048 2680 flammis

50 2638 153 2764 dedit.
195 2699 300 2763 Huius
319 2700 446 2780 filius‘†
465 2701 573 2787 Cipris
594 2724 652 2787 pro
664 2701 818 2766 Romanis
839 2700 940 2765 multa
960 2698 1074 2765 bellas

75 2783 153 2846 essit
180 2783 337 2848 adversus
365 2785 576 2850 Garamantas
608 2795 640 2850 et
663 2785 774 2850 Indos.
833 2783 1047 2863 Ptolemaeus,

48 2806 199 2951 Pupillus
221 2867 340 2951 dictus,
368 2870 424 2955 qui
443 2868 631 2955 Pompeium
650 2877 789 2934 tutorem
816 2890 836 2932 a
862 2876 976 2932 senatu
998 2886 1049 2930 ae-

51 2951 153 3050 eepit,
182 2951 285 3016 donee
308 2951 519 3037 pubesceret,
540 2964 571 3018 et
590 2961 703 3039 postea
725 2954 815 3019 civili
839 2951 925 3017 hello
946 2971 966 3016 a
987 2948 1049 3017 Pe

49 3033 144 3099 thmo
166 3035 355 3100 interfectus
374 3044 434 3101 est.

50 3173 215 3239 xxxvi.
258 3172 408 3241 orons
433 3174 665 3341 arspvppns
693 3171 1049 3251 ominaomina.
1155 3132 1158 3145 ’

135 3381 254 3447 Hanno
281 3391 314 3447 et
333 3383 446 3470 Mago,
474 3385 531 3474 qui
554 3394 655 3470 primo
671 3385 805 3450 Pun'mo
822 3383 924 3447 heho
940 3382 1102 3463 Qum-J

44 3468 123 3529 lium
144 3467 309 3531 consulem
330 3472 420 3558 apud
438 3471 584 3562 Liparas
609 3479 791 3564 oeperunt.
810 3461 1003 3533 nasum
1015 3455 1129 3530 ,epau-
