2356 3818
139 107 178 172 16
458 128 462 137 ¹
492 76 597 173 mom
612 102 790 209 armonia

137 273 212 337 deni
233 292 275 337 ue
291 252 487 336 bis'floribus
497 280 621 337 vernat.
649 270 871 336 nihiluberins
887 272 974 339 solo:
991 264 1128 341 ideam-⁸

109 355 207 420 oberi
248 357 411 442 onerisque
422 364 583 420 certamen
594 354 720 418 dicitur.
739 354 820 418 nihil
830 355 1128 441 hospitalius‘mari:

136 439 189 503 hic
200 438 248 502 illi
259 439 384 505 nobiles
396 449 507 525 portus
521 437 641 518 Caieta,
660 437 813 520 Misenus,
828 449 971 525 tepentes
984 440 1130 507 fontibus

112 523 250 602 5Baiae,
268 522 427 587 Lucrinus
445 532 476 585 et
494 524 660 602 Avernus,
705 521 842 585 uaedam
856 524 953 586 maris
971 525 1049 588 otia.
1080 525 1130 591 hic

136 607 231 669 amici
248 606 368 670 vitibus
380 613 505 668 montes
514 604 652 686 Gaurus,
699 604 836 686 alemus,
848 605 1005 669 Massicus
1018 617 1052 671 et
1062 609 1146 694 pul-5

137 689 312 754 cherrimus
341 691 480 756 omnium
505 688 682 769 Vesuvius,
710 690 847 752 Aetnaei
868 690 880 751 i
904 691 954 752 nis
976 691 1128 756 imitator.

111 771 232 839 turbes
243 773 286 836 ad
297 793 384 835 mare
395 771 553 853 Formiae,
573 770 702 853 Cumae,
720 770 855 852 Puteoli,
905 772 1036 858 eapolis,
1048 774 1130 840 Her·

136 854 315 935 culaneum,
332 855 474 939 Pompei,
494 864 525 918 et
544 857 727 941 ipsacaput
742 853 870 917 urbium
889 855 936 920 Oa
957 877 1009 938 ua,
1030 880 1129 956 quon·

111 940 211 1004 ⁷dam
222 940 306 1001 inter
317 946 383 1000 tres
394 939 551 1002 maximas
563 947 738 1002 numerata.
768 959 826 1024 pro
838 938 898 1002 hac
908 961 947 1002 ur
970 961 998 1021 e,
1015 939 1069 1004 h1s
1084 965 1129 1006 re-

135 1019 285 1105 gionibus
296 1019 432 1105 populus
445 1021 608 1085 Romanus
621 1020 781 1085 Samnitas
792 1022 925 1104 invadit,
942 1031 1084 1106 gentem,
1103 1027 1128 1089 si
1137 1038 1153 1092 u

135 1103 332 1189 opulentiam
339 1125 484 1188 quaeras,
497 1105 602 1169 aureis
615 1114 646 1168 et
657 1106 818 1188 argenteis
831 1107 927 1168 armis
939 1107 1130 1173 et‘discolori

134 1195 225 1251 veste
238 1207 341 1272 usque
360 1187 402 1250 ad
413 1187 567 1251 ambitum
578 1196 739 1270 ornatam,
762 1189 789 1251 si
803 1188 974 1270 fallaciam,
993 1188 1128 1257 saltibus

135 1270 203 1333 fere
221 1278 253 1333 et
269 1272 425 1335 montium
443 1271 557 1335 fraude
574 1280 789 1355 grassantem,
808 1273 836 1335 si
851 1271 974 1336 rabiem
985 1295 1023 1337 ac
1043 1275 1128 1340 furo

135 1375 212 1434 rem,
225 1356 359 1421 sacratis
368 1354 492 1439 legibus
504 1355 714 1454 humanisque
725 1354 839 1434 hostiis
853 1357 887 1420 in
898 1356 1031 1420 exitium
1038 1359 1128 1423 urbis
1156 1371 1160 1385 ⁸

135 1438 309 1522 agitatam,
323 1441 351 1502 si
362 1441 581 1524 pertinaciam,
599 1461 705 1503 semes
721 1449 814 1539 rupto
826 1440 956 1503 foedere
968 1439 1151 1512 uadibus-a

110 1537 198 1608 8que
216 1522 227 1584 i
252 1523 295 1585 sis
313 1525 548 1590 animosiorem.
577 1522 635 1586 hos
652 1532 760 1586 tamen
782 1525 858 1608 quin
879 1525 1013 1608 uaginta
1034 1529 1129 1591 annis

134 1627 192 1690 per
233 1605 324 1670 abios
336 1628 374 1669 ac
386 1607 533 1691 Papirios
550 1615 657 1690 patres
677 1627 848 1690 eorumque
859 1546 982 1671 iiberos
998 1610 1045 1671 ita
1057 1609 1127 1674 suta

26 1730 28 1735 .
136 1688 203 1771 egit
220 1709 259 1750 ac
277 1690 408 1770 domuit,
425 1691 471 1752 ita
490 1692 600 1752 ruinas
611 1689 699 1772 ipsas
711 1687 839 1750 urbium
850 1689 961 1770 diruit,
979 1700 1015 1752 ut
1031 1691 1127 1758 hodie

136 1769 302 1834 Samnium
320 1774 355 1834 in
368 1773 439 1855 ipso
451 1770 581 1834 Samnio
597 1771 779 1867 requiratur
794 1791 855 1833 nec
865 1771 961 1835 facile
975 1785 1127 1858 appareat

108 1852 269 1915 amatoria
281 1861 431 1938 quattuor
442 1863 474 1916 et
484 1855 601 1936 viginti
611 1851 852 1937 triumphorum.
870 1856 1008 1917 maxime
1019 1868 1152 1927 tamena

130 1944 211 1997 nota
230 1943 261 1997 et
278 1935 422 1999 inlustris
446 1945 523 2022 aput
543 1935 707 2000 Caudinas
724 1934 866 1999 furculas
890 1957 939 2000 ext
953 1936 1014 1999 hac
1031 1950 1127 2023 gente

91 2033 126 2085 10
136 2017 244 2082 clades
252 2017 387 2085 Veturio
394 2019 623 2106 Postumioque
634 2019 818 2083 consulibus
828 2041 903 2084 acce
926 2029 1024 2085 taest.
1037 2023 1126 2089 cluso

135 2103 342 2188 per-insidias
360 2105 445 2169 intra
460 2115 532 2168 eum
549 2103 665 2168 saltum
677 2105 829 2186 exercitu,
843 2127 888 2168 un
912 2125 932 2184 a
940 2124 1005 2167 non
1017 2118 1128 2191 posset

138 2186 292 2269 evadere,
319 2194 451 2275 stupens
466 2197 555 2253 tanta
572 2189 739 2252 occasione
760 2189 828 2253 dux
843 2188 982 2253 hostium
992 2188 1127 2255 Pontius

135 2269 337 2335 Herennium
347 2282 471 2357 patrem
482 2271 651 2337 consuluit.
678 2280 709 2334 et
722 2270 786 2354 ille,
799 2273 939 2336 mitteret
950 2272 1153 2338 omnesvelu

95 2359 124 2411 11
137 2354 306 2435 occideret,
321 2357 482 2441 sapienter
494 2364 531 2419 ut
548 2356 655 2419 senior
665 2364 825 2418 suaserat:
840 2355 893 2418 hic
903 2357 1001 2419 armis
1013 2365 1127 2421 exutos
1170 2382 1172 2387 ·

134 2437 261 2500 mittere
279 2438 459 2522 subiugum
475 2437 596 2520 maluit,
614 2447 650 2502 ut
666 2458 726 2502 nec
742 2439 836 2501 amici
852 2438 957 2502 forent
970 2437 1127 2505 beneficio
1170 2502 1172 2507 ,

92 2531 124 2580 12
136 2527 166 2582 et
181 2528 254 2604 post
264 2519 423 2605 flagitium
434 2522 542 2585 hostes
553 2522 668 2606 magis.
686 2523 795 2607 itaque
811 2530 843 2585 et
857 2523 1004 2586 consules
1019 2523 1127 2587 statim

134 2603 304 2686 magnifice
316 2603 498 2668 voluntaria
509 2605 671 2669 deditione
686 2605 916 2690 tmpitudinem
927 2606 1067 2670 foederis
1080 2606 1125 2670 di·

133 2687 262 2766 rimunt,
277 2696 308 2751 et
318 2687 473 2753 ultionem
487 2688 636 2773 flagitans
653 2687 744 2752 miles
759 2687 889 2772 Papirio
905 2689 986 2752 duce
996 2727 1038 2737 —
1052 2688 1155 2757 hor-u

133 2768 229 2833 ribile
242 2770 331 2834 dictu
342 2809 385 2820 ·-
403 2773 522 2836 strictis
536 2770 665 2836 ensibus
682 2770 856 2857 peripsam
865 2773 951 2835 viam
962 2781 1035 2835 ante
1046 2794 1126 2870 pug-

133 2873 209 2916 nam
220 2853 315 2936 furit,
330 2864 362 2918 et
378 2858 412 2918 in
428 2877 603 2941 congressu
617 2857 735 2919 arsisse
747 2857 887 2922 omnium
898 2854 1006 2920 oculos
1023 2855 1126 2921 hostrs

134 2946 245 3004 auctor
257 2937 327 3002 fuit.
351 2961 411 3003 nec
427 2940 515 3025 prius
534 2937 608 3002 finis
626 2936 777 3003 caedibus
790 2940 891 3021 datus,
909 2960 1004 3026 quam
1015 2940 1127 3023 iugum

133 3029 165 3083 et
176 3019 322 3088 hostibus
333 3032 364 3087 et
376 3023 450 3088 (luci
460 3033 552 3108 capto
563 3032 782 3113 reposuerunt.
1127 3038 1129 3055 ·

100 3148 104 3156 “
146 3148 224 3214 XII.
246 3150 431 3219 BnLLVM
447 3152 696 3301 ETRtffithMh
703 3151 983 3219 SAMNITICVM
999 3153 1103 3257 GAL-
1133 3173 1156 3247 so

40 3444 44 3450 θ
77 3351 117 3416 17
168 3381 171 3388 ·
216 3351 382 3419 Hactenus
398 3356 535 3442 populus
549 3356 712 3428 Romanus
729 3377 801 3421 cum
816 3353 950 3438 singulis
962 3352 1125 3439 gentibus,
