2356 3818
107 179 127 243 8
470 193 575 244 ruoru
583 192 739 257 armeus

109 346 271 430 estbonis,
289 352 462 431 grassatus,
475 366 548 408 cum
558 345 726 409 saevitiam
737 346 824 410 domi
833 345 1021 431 fatigasset,
1039 356 1101 414 tan·

83 431 183 496 5dem
201 432 236 494 in
257 431 366 495 hostes
388 449 561 494 conversus
584 437 642 492 est.
679 431 726 492 sic
750 429 861 494 valida
876 429 965 495 Latii
989 434 1104 520 oppida

109 522 202 600 capta
219 523 307 596 sunt,
324 512 448 594 Ardea,
467 511 664 594 Ocriculum,
683 511 795 594 Gabii,
814 512 934 578 Suessa
944 514 1102 581 Pometia

83 601 177 663 sstum
208 620 313 699 unque
324 605 473 660 cruentus
486 597 521 659 in
531 616 616 661 suos.
645 617 750 682 neque
771 598 856 661 enim
872 596 978 662 filium
995 600 1104 666 verbe·

108 621 362 761 rmedub1mvit,
379 688 415 744 ut
433 679 597 744 simulanti
613 679 816 766 transfugam
827 691 904 766 aput
914 681 1024 747 hostis
1035 684 1121 752 hines

85 765 190 831 tfides
202 775 296 831 esset.
315 765 366 829 cui
377 762 501 845 Gabiis,
512 772 548 827 ut
559 763 714 845 voluerat,
725 774 854 850 recepto
867 773 899 828 et
907 787 968 851 per
975 770 1106 833 nuntios

109 848 296 932 consulenti,
336 846 394 912 uid
403 846 475 910 fieri
485 846 598 928 vellet,
620 847 794 911 eminentia
808 847 892 911 forte
907 858 1107 948 papauerum

108 935 213 1033 capitu
226 935 278 998 vir
335 953 356 994 a
367 932 627 1012 excutienu‘cum
633 952 695 1029 per
706 931 767 995 hoc
781 931 1028 1000 interficrendos
1040 958 1107 1001 esse

106 1018 267 1103 prmcipes
275 1014 374 1080 vellet
383 1013 537 1098 intellegi,
549 1028 643 1100 quasi
651 1014 801 1100 superbia
807 1015 925 1097 sileret,
937 1020 1107 1104 respondit

107 1110 225 1165 tamen.
255 1100 295 1164 de
311 1096 472 1162 manubiis
490 1107 656 1183 captarum
669 1097 798 1163 urbium
813 1100 970 1185 templum
987 1105 1130 1185 erexit-u

82 1203 99 1252 8
130 1185 196 1249 uod
206 1205 279 1247 cum
289 1184 545 1265 inauguraretur,
563 1180 751 1246 cedentibus
769 1184 884 1247 ceteris
896 1183 947 1248 dis
958 1187 1047 1250 mira
1056 1209 1106 1252 res

82 1207 225 1336 edicitur
241 1267 402 1330 extitisse:
421 1264 568 1328 restitere
578 1264 731 1329 Iuventas
741 1275 773 1330 et
784 1266 966 1332 Terminus.
983 1270 1108 1354 placuit

107 1349 236 1415 vatibus
253 1348 453 1413 contumacia
469 1348 644 1431 numinum,
660 1350 688 1412 si
700 1350 830 1436 quidem
839 1349 939 1419 ,firma
950 1355 1065 1419 omnia
1078 1363 1108 1419 et

107 1442 239 1501 aeterna
273 1430 494 1497 ollicebantur.
513 1430 571 1496 sed
582 1431 663 1497 illud
673 1432 865 1514 horrentius,
878 1435 1107 1520 quodmolien·

41 1536 43 1540 ’
106 1517 193 1582 tibus
205 1455 318 1581 aedem
335 1517 370 1580 in
387 1515 604 1580 fundamentis
621 1517 795 1581 humanum
810 1539 846 1581 re
870 1527 979 1585 eruam.
991 1530 1045 1585 est
1055 1543 1134 1588 crs-u

107 1609 173 1688 put,
188 1623 249 1666 nee
266 1600 455 1665 dubitavere
472 1601 580 1664 cuncti
596 1610 772 1665 monstrum
782 1600 858 1687 pulc
881 1604 1038 1670 errimum
1049 1606 1107 1670 im·

69 1680 312 1784 loperiisedem
323 1692 481 1784 caputque
494 1693 653 1749 terrarum
669 1687 865 1770 promittere.
893 1687 1039 1753 tamdiu
1056 1711 1107 1754 su·

40 1832 43 1837 ·
107 1766 1107 1938 titillat?allodibllttltattldtulutttt

68 1948 97 1999 11
109 1946 174 2000 non
183 1936 296 2019 potuit.
319 1955 454 2019 quorum
469 1954 542 1997 cum
559 1934 640 1999 alter
657 1938 877 2002 ornatissimae
888 1937 1030 2004 feminae
1040 1940 1135 2005 ΒΜ

107 2020 225 2083 cratiae
238 2027 383 2103 stuprum
393 2016 562 2100 intulisset,
580 2027 727 2086 matrona
743 2020 882 2086 dedecus
894 2021 980 2088 ferro
993 2024 1106 2111 expiaf

105 2103 169 2185 vit3
180 2103 349 2188 imperium
362 2100 494 2187 regibus
506 2101 707 2189 abrogatum.

109 2231 154 2301 11.
178 2230 687 2300 aurearummosrsuu
703 2190 1104 2313 surmuuueruvs

80 2367 100 2430 s
190 2354 283 2419 Haec
294 2363 342 2417 est
356 2354 460 2438 prima
470 2361 558 2417 aetas
569 2352 681 2500 Kopuli
691 2354 828 2421 Romani
846 2363 877 2418 et
894 2355 988 2441 quasi
996 2356 1106 2423 infan-

106 2438 167 2518 tia,
185 2459 280 2523 quam
293 2436 405 2500 habuit
422 2436 482 2500 sub
500 2437 571 2520 regi
593 2459 631 2500 us
649 2446 785 2523 septem,
805 2439 945 2524 quadarn
960 2438 1138 2513 fatoruma

107 2520 267 2584 industria
277 2529 343 2583 tam
354 2520 454 2583 variis
466 2520 606 2603 ingenio,
617 2529 653 2584 ut
662 2523 710 2585 rei
718 2521 868 2608 publicae
879 2523 961 2588 ratio
974 2531 1007 2603 et
1016 2525 1107 2589 utili·

82 2612 157 2673 atas
174 2603 366 2689 postulabat.
395 2601 566 2690 nam-quid
582 2604 718 2670 Romulo
736 2604 925 2670 ardentius?
945 2606 1003 2671 tali
1023 2629 1107 2694 opus

82 2687 183 2768 afuit,
207 2695 243 2750 ut
253 2687 422 2751 invaderet
432 2709 577 2773 regnum.
606 2688 684 2774 quid
702 2689 808 2754 Numa
822 2690 1033 2774 religiosius?
1060 2694 1115 2757 ita.

107 2792 159 2835 res
194 2771 326 2856 oposcit,
343 2779 379 2835 ut
388 2770 483 2837 ferox
490 2771 629 2871 populus
642 2774 775 2838 deorum
786 2783 874 2838 metu
888 2774 1106 2873 mitigaretur.

83 2879 101 2927 4
111 2792 192 2941 quid
196 2853 212 2918 ?
228 2854 284 2918 ille
294 2853 426 2919 militiae
438 2855 558 2920 artrfex
568 2855 681 2921 Tullus
693 2856 902 2923 bellatoribus
914 2859 993 2921 virrs
1005 2880 1104 2956 quam
1114 2878 1139 2923 ao

106 2940 316 3022 necessarius,
331 2947 367 3002 ut
379 2948 507 3004 acueret
515 2941 640 3004 ratione
651 2942 817 3005 virtutem!
835 2940 938 3028 quid?
955 2941 1107 3007 aedifica·

106 3022 287 3104 torAncus',
304 3031 340 3087 ut
355 3022 470 3087 urbem
481 3025 607 3091 colonia
619 3023 816 3106 extenderet,
834 3034 933 3110 ponte
945 3025 1106 3108 iungeret,

84 3114 359 3172 omurotueretur.
378 3107 443 3170 iam
451 3129 530 3173 vero
542 3115 729 3172 ornamenta
740 3106 910 3196 Tarquinii
921 3116 952 3172 et
962 3108 1109 3193 insignia

108 3197 260 3277 quantam
271 3191 413 3319 principi
454 3191 550 3277 opulo
568 3190 762 3255 addiderunt
780 3214 823 3256 ex
839 3193 911 3292 ipso
926 3191 1041 3256 habitu
1059 3193 1106 3258 di·

81 3293 98 3344 e
107 3273 277 3357 gnitatem.
301 3283 391 3339 actus
404 3213 548 3358 abervio
561 3294 676 3337 census
688 3275 765 3361 quid
776 3276 890 3358 effec1t,
910 3276 973 3338 nisi
982 3275 1043 3339 uti
1068 3290 1141 3341 sats

59 3377 143 3426 ‘use
159 3364 268 3418 nosset
284 3357 430 3422 Romana
447 3380 499 3421 res
515 3355 669 3442 publiea?
685 3368 847 3443 postremo
862 3357 1000 3445 Superbi
1015 3298 1105 3425 illius

108 3438 280 3526 in'p0rtuna
290 3439 465 3507 dominatio
476 3462 541 3505 non
554 3439 645 3524 nihil,
663 3441 831 3508 immovel
846 3443 1021 3529 plurimum
1029 3462 1105 3528 pro-
