2356 3818
136 213 176 274 50
491 219 596 271 rnonr
609 221 776 269 serron.
871 177 876 189 “

134 397 194 440 rex
218 375 288 458 ipse
315 372 458 436 Vituitus
488 371 699 436 discoloribus
728 373 763 435 in
791 373 888 436 armis
915 385 1137 464 argenteoque

109 465 300 548 qcarpento,
323 455 425 541 qualis
437 464 656 602 pugnaverat.
684 456 851 545 utriusque
871 457 1031 524 victoriae
1055 461 1138 547 quod

134 550 287 628 quantum
309 561 350 602 ue
371 560 435 622 gau
458 541 525 601 ium
541 539 652 620 fuerit,
674 538 729 601 uel
746 539 822 603 hinc
838 541 1004 605 aestimari
1022 554 1136 628 potest,

133 625 220 711 quod
247 632 278 687 et
340 623 466 687 omitius
492 621 728 686 Ahenobarbus
756 631 787 685 et
818 623 938 686 Fabius
968 625 1137 693 Maximus

132 709 211 794 ipsis
234 705 348 793 quibus
370 705 600 769 dimicaverant
627 705 706 769 locis
728 727 842 770 saxeas
865 728 1000 773 erexere
1021 719 1151 793 turres,s

133 802 165 856 et
184 792 321 877 desuper
342 797 497 853 exornata
517 790 615 852 armis
636 788 806 854 hostilibus
829 799 960 876 tropaea
983 792 1136 877 fixerunt,

131 899 204 941 cum
223 875 275 939 hic
295 895 363 937 mos
386 872 555 936 inusitatus
577 873 675 938 fuerit
694 874 823 937 nostris.
850 877 1029 960 numquam
1045 881 1137 942 ‘enim

131 959 267 1108 populus
294 958 458 1039 Romanus
491 956 637 1022 hostibus
664 956 793 1022 domitis
820 958 992 1022 victoriam
1022 982 1136 1048 expro

155 1045 248 1108 ravit.

132 1171 328 1241 xxxvru.
354 1128 814 1322 nsssvprqpffiugplm
836 1174 1155 1245 rsvromcvm

64 1383 141 1465 111,3
216 1374 339 1465 Cimbri
346 1424 354 1456 ,
379 1375 517 1440 Teutoni
538 1384 634 1463 atquc
656 1375 808 1461 Tigurini
824 1377 865 1440 ab
885 1379 1131 1457 extremistal

131 1462 194 1528 liae
221 1459 366 1546 profugi,
395 1482 467 1523 cum
496 1469 598 1525 terras
626 1481 736 1524 eorum
760 1461 950 1526 inundasset
971 1460 1129 1542 Oceanus,

106 1566 233 1619 2novas
251 1544 342 1608 sedes
362 1553 429 1607 toto
447 1544 524 1609 orbe
543 1545 754 1644 quaerebant,
775 1545 963 1643 exclusique
978 1555 1011 1608 et
1025 1546 1129 1610 Gallis
1166 1540 1168 1554 '

132 1641 164 1696 et
179 1629 339 1714 Hispania
356 1649 428 1692 cum
445 1629 479 1691 in
490 1627 618 1691 Italram
629 1628 860 1713 demigrarent,
876 1650 993 1691 mrsere
1007 1629 1127 1713 legatos
1134 1642 1145 1680 ¹⁵

129 1710 166 1778 in
182 1720 288 1776 castra
305 1710 420 1790 Silani,
438 1711 514 1773 inde
531 1711 574 1773 ad
596 1721 756 1793 senatum,
777 1722 923 1796 petentes
940 1721 975 1775 ut
993 1711 1127 1779 Martius

95 1826 107 1843 ·
130 1793 412 1881 populus'aliquid
428 1792 491 1856 sibi
508 1801 613 1855 terrae
630 1793 721 1856 daret
737 1795 830 1879 quasi
848 1795 1062 1878 stipendium,
1086 1817 1126 1860 oe·

130 1890 235 1942 terum
259 1885 295 1938 ut
321 1875 421 1939 vellet
447 1873 596 1938 manibus
625 1884 721 1961 atque
750 1877 847 1938 armis
877 1879 943 1938 suis
973 1887 1125 1944 uteretur.

105 1960 190 2034 3sed
211 1980 289 2043 quas
313 1957 527 2022 daret'terras
550 1957 688 2046 populus
711 1958 875 2021 Romanus
896 1961 1034 2040 agrariis
1054 1963 1126 2046 legi·
1166 1990 1168 1999 ·

128 2045 189 2109 bus
211 2043 295 2104 inter
316 2062 351 2104 se
373 2040 605 2105 dimicaturus?
630 2040 752 2127 repul‘si
773 2042 887 2126 igitur,
910 2042 997 2127 quod
1019 2045 1145 2132 nequi-o

104 2134 246 2197 ruerant
266 2124 429 2211 precibus,
452 2127 548 2191 armis
568 2134 678 2212 petere
700 2136 883 2212 coeperunt.
911 2125 968 2188 sed
989 2148 1051 2190 nec
1093 2128 1127 2191 ri·

130 2212 386 2297 mum-impetum
401 2210 612 2276 barbarorum
630 2209 772 2291 Silanus,
790 2233 857 2287 nec,
869 2209 1046 2273 secundum
1065 2152 1127 2274 Aa·

130 2297 245 2378 uilius,
269 2318 329 2361 nec
345 2297 475 2360 tertium
493 2296 614 2381 Caepio
632 2298 790 2360 sustinere
806 2301 994 2380 potuerunt3
1019 2312 1127 2358 omnes

107 2381 167 2444 osu
191 2381 249 2460 ati,
277 2381 365 2443 exuti
389 2382 512 2445 castris.
540 2388 646 2444 actum
667 2389 749 2461 erat,
774 2380 838 2442 nisi
854 2379 976 2442 Marius
996 2376 1046 2441 illi
1063 2399 1127 2442 sae·

130 2403 202 2527 culo
225 2464 421 2545 contigisset.
453 2464 509 2528 ille
531 2484 658 2549 quoque
685 2484 750 2525 non
771 2483 868 2524 ausus
891 2460 1052 2607 congredi
1070 2470 1149 2524 sta-o

129 2546 188 2608 tim
208 2544 342 2607 militem
360 2547 464 2608 tenuit
479 2546 514 2615 in
533 2547 661 2625 castris,
684 2545 787 2608 donec
804 2544 927 2608 invicta
944 2544 1003 2607 ila
1022 2544 1127 2609 rabies

131 2637 163 2691 et
188 2628 340 2711 impetus,
374 2650 469 2714 quem
494 2648 553 2713 pro
582 2628 702 2692 virtute
729 2627 861 2692 barbari
887 2627 1023 2710 habent,
1057 2650 1140 2692 con·-

106 2719 324 2778 6senesceret.
362 2733 526 2776 recessere
557 2712 568 2775 i
594 2712 656 2774 ‘tur
681 2713 884 2797 increpantes
913 2723 945 2776 et
970 2750 1012 2761 -
1040 2721 1128 2775 tanta

132 2804 201 2860 erat
229 2794 404 2879 capiendas
434 2794 523 2859 urbis
548 2796 569 2859 fi
593 2796 667 2858 ucia
686 2833 729 2843 -
755 2795 972 2876 consulentes,
1001 2794 1128 2882 siquid
1166 2804 1168 2833 ³

131 2880 173 2945 ad
194 2899 312 2943 uxores
334 2900 408 2941 suas
432 2880 631 2944 mandarent.
663 2901 723 2943 nec
745 2879 875 2963 segnius
900 2902 994 2966 quam
1017 2879 1150 2942 minatio

130 2963 259 3027 fuerant
286 2963 444 3048 tripertito
475 2965 603 3047 agmine
632 2965 667 3026 in
693 2963 814 3048 Alpes,
846 2962 880 3027 id
908 2971 957 3026 est
987 2963 1127 3027 claustra

107 3046 259 3127 tltaliae,
283 3045 478 3110 ferebantur.
509 3047 631 3111 Marius
652 3047 734 3112 mira
754 3048 862 3110 statim
883 3046 1055 3111 velocitate
1079 3067 1127 3111 oc-

67 3195 71 3205 ,
132 3131 255 3212 cupatis
277 3130 473 3215 compendiis
496 3131 665 3215 praevenit
680 3130 817 3213 hostem,
840 3131 1028 3216 prioresque
1046 3130 1130 3195 Teu-¹

131 3221 222 3276 tonas
250 3214 309 3277 sub
335 3215 414 3299 ipsis
442 3213 574 3298 Alpium
600 3214 763 3278 radicibus
794 3215 964 3279 adsecutus
997 3213 1031 3276 iu
1059 3212 1128 3278 loco

133 3315 228 3380 quem
243 3297 354 3382 Aquas
372 3297 499 3362 Sextias
515 3306 632 3363 vocant
649 3320 711 3383 quo
723 3337 766 3348 —-
779 3299 875 3363 fidem
891 3298 1072 3361 numinum!
1087 3319 1154 3361 -u

89 3377 255 3462 ¹sproelio
282 3383 455 3465 oppressit!
490 3381 609 3445 vallem
637 3381 835 3469 fluviumque
855 3382 996 3446 medium
1019 3381 1127 3447 hostes

131 3461 297 3544 tenebant,
321 3467 440 3530 nostris
462 3487 617 3551 aquarum
638 3466 727 3530 nulla
749 3466 851 3550 copia.
870 3464 1075 3530 'consultone
1096 3462 1128 3527 id
