2356 3818
146 220 186 287 62
500 229 604 282 suoru
619 231 782 291 aaroni.
881 240 884 247 ·

145 393 214 451 erat
234 395 311 448 tunc
334 382 454 448 Cacsar
475 382 650 447 Ravennae
671 381 822 445 dilectum
886 401 958 463 ens,
982 391 1017 446 et
1037 382 1136 447 hieme

144 476 313 535 creverant
334 466 451 551 Alpes:
479 468 526 529 sic
552 463 761 541 interclusum
788 470 867 563 p'uta
889 473 945 528 ant
971 466 1048 529 iter.
1084 466 1137 530 sed

84 576 90 593 r
128 551 208 633 ille,
226 550 329 637 qualis
346 557 414 614 erat
432 549 474 613 ad
488 549 635 611 nuntium
648 547 697 610 rei
717 547 921 611 felicissimae
936 550 1137 630 temeritatis,

143 657 202 734 ppr
213 635 318 700 invios
336 633 378 698 ad
394 633 430 696 id
445 642 509 696 tem
531 652 569 694 us
585 630 741 694 montium
756 631 904 713 tumulos,
949 653 985 694 er
1002 633 1137 697 intactas

143 740 213 782 vias
236 727 267 782 et
288 719 389 798 nives,
412 737 494 800 expe
529 723 563 777 ta
581 736 678 777 manu
700 736 847 783 emensus
870 715 921 779 Ga
948 716 1024 797 am,
1047 726 1082 780 et
1102 733 1150 780 ext

145 801 337 866 distantibus
354 799 497 864 hibernis
519 807 624 861 castra
644 799 813 880 contraxit,
835 807 867 861 ct
885 807 959 865 ante
981 799 1138 864 in-mcdia

101 895 134 946 23
145 885 253 951 Gallia
268 885 337 966 luit,
353 903 451 968 quam
471 881 512 946 ab
533 881 647 945 ultima
661 882 835 944 timeretur.
863 890 931 945 tum
945 883 1020 967 ipsa
1037 885 1138 983 capita

143 968 221 1034 belli
248 968 418 1050 adgressus
439 964 550 1046 urbes>
577 964 753 1030 Avaricum
781 965 997 1050 quadraginta
1018 967 1138 1031 mihmn

142 1051 412 1139 propugnantium
425 1046 586 1137 [sustulit],
603 1047 748 1111 Alesiam
764 1048 973 1113 ducentorum
985 1052 1136 1138 quinqua·

144 1137 235 1219 ginta
253 1132 376 1197 milium
396 1134 561 1197 iuventute
584 1131 755 1195 subnixam
775 1130 910 1195 flammis
933 1133 1170 1219 adaequavitl*

103 1219 230 1287 2acirca
258 1215 455 1300 Gergoviam
480 1217 701 1280 Arvernorum
736 1223 804 1278 tota
830 1214 909 1279 belli
936 1217 1041 1280 molas
1072 1218 1134 1282 fuit.

145 1303 262 1399 quippe
279 1322 351 1363 cum
373 1301 536 1385 octoginta
557 1298 646 1362 milia
667 1320 763 1362 muro
781 1306 812 1362 ct
838 1299 911 1363 arce
940 1309 971 1363 et
984 1292 1134 1387 'abruptis

100 1410 133 1460 ‘25
143 1405 221 1468 ripis
240 1383 451 1448 defenderent
480 1378 938 1463 maximam‘civitatemmallo
955 1383 1095 1450 sudibus
1111 1394 1135 1448 et

143 1466 231 1532 fossa
247 1468 441 1555 inductoque
461 1468 567 1532 fossae
584 1465 724 1548 flumine,
746 1466 869 1530 adhoc
889 1467 1001 1530 decem
1021 1479 1056 1532 et
1073 1477 1133 1533 octo

143 1551 284 1616 castellis
306 1554 491 1639 ingentique
510 1552 611 1616 lorica
635 1550 865 1614 circumdatam
891 1551 1039 1634 primum.
1058 1552 1149 1615 famu
1169 1573 1170 1608 1

65 1640 69 1653 '
144 1635 282 1719 domuit,
314 1659 391 1701 mox
421 1637 594 1721 audentem
627 1635 811 1717 eruptiones
844 1635 878 1696 in
905 1633 992 1697 vallo
1021 1635 1132 1720 gladia
1169 1664 1170 1682 ¹

144 1719 341 1805 sudibusque
362 1720 515 1799 concidit,
537 1718 712 1781 novissime
734 1719 768 1779 in
788 1716 984 1782 deditionem
1003 1719 1131 1804 redegit

103 1803 215 1886 aoipse
234 1802 289 1877 ille
309 1825 383 1881 rex,
404 1803 579 1863 maximum
600 1800 756 1863 victoriae
776 1799 888 1879 decus,
907 1801 1048 1883 supplex
1073 1822 1131 1867 cum
1169 1824 1170 1841 ²

144 1884 178 1946 in
197 1893 302 1946 castra
319 1886 470 1964 venisset,
491 1902 607 1967 equum
626 1890 657 1944 et
695 1880 820 1944 haleras
837 1891 869 1943 et
882 1904 940 1945 sua
957 1903 1052 1947 arma
1071 1892 1130 1949 ante
1168 1881 1170 1941 l

146 1964 293 2029 Caesaris
315 1987 421 2049 genua
433 1965 594 2050 proiecit..
613 1904 732 2028 ‘halie’z
753 1964 857 2049 inquit
878 1965 1007 2027 ‘fortem
1022 1969 1147 2047 virumn
1168 1987 1170 2025 1

110 2110 112 2115 .
144 2049 196 2112 vir
216 2048 398 2132 fortissime,
419 2050 548 2113 vicisti!
738 2074 741 2078 ·
1168 2070 1170 2075 ’

327 2181 447 2248 xcvi.
475 2182 658 2249 Bainun
678 2154 952 2249 enarmonii.

76 2302 173 2381 111,ll
227 2301 314 2365 Dum
336 2302 448 2367 Gallos
466 2320 527 2388 'per
548 2302 774 2367 Caesaram'in
796 2301 1011 2388 septentrione
1033 2302 1130 2369 debel-

145 2384 204 2465 lat,
232 2385 301 2469 ipse
322 2388 451 2450 interim
471 2385 513 2453 ad
531 2388 686 2450 orientem
707 2408 807 2470 grave
829 2385 944 2449 volnus
966 2405 987 2455 a
1009 2385 1130 2451 Parthis

143 2466 279 2551 populus
301 2469 462 2533 Romanus
482 2490 558 2532 accc
580 2471 615 2532 it.
656 2491 717 2532 nec
742 2469 782 2532 de
805 2470 934 2532 fortuna
956 2470 1049 2553 queri
1069 2476 1170 2557 pos-¹⁵3

120 2570 271 2631 asumus3
293 2560 381 2614 caret
402 2552 521 2615 solacio
543 2492 662 2615 clades.
695 2552 841 2615 adversis
865 2561 896 2614 ct
915 2552 964 2616 dis
987 2560 1020 2615 et
1039 2551 1131 2618 homi·
1169 2572 1170 2579 ¹

144 2631 239 2695 nibus
266 2654 306 2696 cu
329 2634 425 2715 iditas
453 2634 593 2698 consulis
616 2635 741 2715 Crassi,
768 2635 843 2698 dum
865 2635 1015 2699 Parthico
1037 2637 1132 2707 inhiat
1169 2672 1170 2676 =

146 2737 233 2797 auro,
253 2656 403 2781 undecim
417 2728 524 2782 stravo
540 2718 703 2801 legionum
721 2727 753 2782 et
769 2719 870 2802 ipsius
886 2721 990 2804 capite
1006 2719 1132 2785 multata

120 2807 204 2873 aest.
226 2809 258 2863 et
269 2799 415 2864 tribunus
432 2768 519 2888 pleii
529 2803 643 2866 Ateius
658 2810 827 2866 exeuntem
843 2802 955 2866 ducem
968 2803 1132 2867 hostilibus

146 2885 225 2949 diris
245 2883 434 2967 devoverat,
463 2896 496 2949 ct
522 2906 593 2950 cum
614 2887 684 2950 Zeu
706 2907 759 2948 ma
778 2887 946 2949 transisset
967 2886 1150 2965 exereitus*

120 2976 239 3053 4rapta
255 2968 369 3032 subitis
384 2969 480 3055 signa
495 2969 675 3034 turbinibus
684 2909 798 3032 liausit
815 2969 1006 3066 Euphrates,
1020 2979 1053 3034 et
1069 2989 1132 3034 cum

147 3061 223 3136 aput
239 3051 472 3198 plicephorium
499 3061 604 3117 castra
630 3054 814 3138 posuisset,
838 3053 928 3115 missi
962 3054 1003 3117 ab
1031 3053 1132 3120 Orode

58 3211 61 3218 ,
146 3155 222 3218 rege
253 3145 338 3200 eat1
349 3137 551 3216 nuntiavere,
573 3158 795 3222 percussorum
814 3157 886 3199 cum
901 3136 981 3199 Pom
1005 3137 1057 3202 eio
1073 3137 1131 3202 foe

121 3216 258 3295 5derum
268 3157 420 3307 §ullaque
436 3221 643 3304 meminisset.
663 3229 712 3284 set
723 3221 821 3303 regiis
837 3220 964 3282 inhians
977 3242 990 3282 1
1017 3220 1131 3284 ethan·

148 3303 261 3382 sauris,
281 3304 362 3368 nihil
384 3325 425 3368 ne
447 3304 636 3387 imaginario
657 3303 786 3389 quidem
806 3305 884 3382 iure,
907 3310 956 3365 set
972 3301 1152 3368 seleucias

23 3449 25 3455 ,
122 3400 183 3450 ose
197 3391 422 3470 responsurum
439 3407 509 3451 esse
522 3388 696 3473 respondit.
724 3389 832 3473 itaque
847 3387 892 3450 dii
908 3385 1077 3450 foederum
1091 3384 1131 3449 ul·

146 3476 232 3533 tores
253 3490 314 3532 nec
332 3470 459 3535 insidiis
481 3492 542 3537 nec
562 3471 673 3537 virtuti
692 3470 833 3536 hostium
853 3468 1034 3535 defuerunt.
1072 3471 1131 3534 iam
