2356 3818
345 225 389 308 11,
408 229 539 292 14-16
552 188 760 317 [un,3ss6].
1005 233 1050 296 91v

15 458 19 467 J
54 389 192 477 quidem,
215 390 311 454 etiam
339 413 437 456 manu
456 393 591 478 pulcher
612 397 768 493 apperuit.
798 416 874 457 nam
895 404 1046 460 cruentus

54 482 88 536 et
109 473 238 537 saneim
262 475 403 558 aquilam
422 497 442 538 a
462 479 618 541 moriente
634 477 791 562 sigmfero
809 479 962 543 traditam
979 481 1046 544 suis

52 557 177 620 umeris
197 557 231 620 in
251 565 356 620 castra
377 559 549 623 referebat.

194 744 202 771 .·
239 675 344 752 XVI.
376 686 560 752 BELLVM
581 687 850 754 PERVSINVM.

19 835 33 874 s
140 803 287 868 Alterum
296 803 417 868 bellum
428 805 601 867 concitavit
611 825 763 888 agrorum
775 804 905 886 divisio,
924 804 1011 890 quod
1018 820 1083 887 1111,
1096 808 1116 870 5
1128 826 1129 831 ’

55 887 180 953 Caesar
195 888 357 950 veteranis
373 887 474 985 patris
491 888 630 971 pretium
645 887 779 950 militiae
797 887 947 950 solverat.
967 909 1073 956 scm-2

52 992 114 1058 per
153 971 233 1035 alias
247 1043 250 1050 ¹
263 970 398 1033 Antomi
426 971 600 1054 pessimum
634 971 801 1052 ingenium
832 970 950 1034 Fulvia
979 979 1048 1035 tum
1104 1028 1112 1037 ,

53 1052 167 1139 gladio
195 1054 300 1116 cincta
321 1052 426 1115 virilis
447 1051 581 1116 militiae
603 1073 687 1116 uxor
708 1053 862 1136 agitabat.
895 1074 972 1137 ergo
994 1054 1047 1116 de-

76 1136 166 1200 ulsos
196 1137 283 1220 agris
314 1135 637 1201 colonos'incitando
669 1136 786 1199 iterum
817 1157 907 1201 arma
936 1138 1047 1200 cierat.

20 1247 48 1288 ιο
81 1221 112 1282 ‘c
136 1241 215 1283 vero
235 1220 300 1283 iam
320 1240 386 1282 non
406 1219 557 1303 privatis,
587 1218 646 1282 sed
665 1220 763 1283 totius
786 1228 915 1292 senatus
937 1219 1073 1285 suffra-3

54 1302 121 1387 giis
152 1302 328 1367 iudicatum
355 1302 480 1366 hostem
499 1301 620 1366 Caesar
647 1302 820 1386 adgressus
844 1304 929 1365 intra
949 1301 1048 1365 Peru-

56 1386 126 1449 siee
145 1405 254 1448 muros
274 1384 400 1468 redegit
423 1384 629 1470 conpulitque
652 1385 695 1448 ad
715 1393 860 1450 extrema
876 1385 1049 1450 deditionis

54 1469 145 1554 turpi
168 1476 200 1532 et
219 1467 301 1532 nihil
321 1489 386 1532 non
406 1475 539 1552 experta
562 1467 657 1530 fame.

381 1597 727 1664 TRIVMVOEATVS.

23 1752 49 1794 1⁵
144 1717 324 1784 Oumsolus
335 1720 431 1782 etiam
442 1719 553 1803 gravis
568 1719 656 1816 paci,
678 1719 789 1802 gravis
807 1720 854 1782 rei
869 1718 1019 1803 publicae
1026 1723 1117 1800 1111‚6

57 1806 152 1891 esset·
159 1802 334 1885 Antonius,
357 1802 450 1887 quasi
469 1803 554 1886 ignis
575 1802 724 1866 moendio
741 1801 884 1886 Lepidus
903 1804 1048 1866 accessit.

52 1885 115 1925 Μ
137 1885 189 1948 oui
211 1893 323 1948 contra
346 1885 425 1949 duos
448 1885 611 1967 eonsules,
634 1884 714 1948 duos
736 1886 895 1949 exercitus
917 1907 1050 1949 necesse

55 1968 122 2034 fuit
136 1968 248 2031 venire
264 1969 299 2032 in
316 1969 531 2032 cruentissimi
546 1968 687 2032 foederis
704 1970 899 2032 societatem.
922 1962 1050 2032 diversa

57 2049 202 2117 omnium
222 2060 312 2132 vota,
334 2059 370 2113 ut
386 2053 527 2135 ingenia.
548 2050 708 2136 Lepidum
722 2051 908 2115 divitiarum
923 2052 1076 2136 cupidae

21 2162 48 2203 ro
59 2154 197 2221 quarum
217 2155 232 2195 s
256 2154 291 2196 es
313 2144 382 2197 erat
402 2155 444 2197 ex
465 2133 706 2218 perturbatione
725 2135 774 2196 rei
794 2133 957 2218 publicae,
983 2134 1049 2196 An-

55 2217 183 2283 tonium
242 2217 362 2280 tionem
389 2216 429 2280 de
454 2216 505 2279 his
534 2222 669 2280 sumendi
690 2218 745 2301 qui
765 2237 799 2278 se
822 2215 946 2278 hostem
968 2214 1050 2278 iudi-

57 2306 201 2380 cassent,
224 2297 398 2363 Caesarem
418 2298 537 2361 inultus
558 2307 650 2382 pater
670 2307 701 2360 ct
722 2297 870 2361 manibus
890 2299 959 2361 eius
977 2317 1049 2381 gra·

55 2379 270 2455 vestiassius
292 2392 323 2446 et
344 2383 464 2445 Brutus
484 2381 661 2465 agitabant.
684 2382 719 2442 in
740 2380 801 2443 hoc
822 2379 912 2444 velut
932 2379 1076 2446 foedus3

55 2486 127 2567 pax
154 2464 239 2528 inter
269 2473 335 2528 tres
367 2465 464 2529 duces
490 2465 690 2549 conponitur.
730 2462 817 2548 apud
845 2462 1051 2528 Confluentes

22 2557 145 2614 saintes
169 2546 338 2611 Perusiam
365 2557 397 2611 et
422 2549 602 2612 Bononiam
629 2548 766 2630 iungtmt
793 2566 927 2629 manus3
961 2568 1051 2611 exer·

56 2634 143 2696 citus
167 2631 379 2695 consalutant.
401 2631 490 2694 nullo
510 2631 595 2694 bono
615 2652 703 2693 more
723 2631 944 2694 triumviratus
961 2631 1052 2693 inva-

57 2715 161 2794 ditur,
183 2735 399 2801 oppressaque
419 2715 516 2777 armis
532 2712 712 2798 republica
729 2712 813 2776 redit
831 2712 964 2777 Sullana
979 2733 1052 2797 pro-

57 2796 205 2882 scriptio,
237 2799 327 2860 cuius
357 2797 508 2862 atrocitas
539 2795 619 2859 nihil
647 2796 805 2878 insignius
833 2796 931 2860 habet
957 2815 1052 2880 quam

55 2899 227 2945 numerum
255 2888 382 2943 eentum
409 2890 441 2943 et
468 2879 682 2978 quadraginta
713 2887 907 2942 senatorum.
933 2877 1077 2939 ‘exitust

23 2961 164 3043 afoedi,
188 2971 311 3045 truces,
340 2962 541 3026 miserab1les
561 2970 629 3025 toto
648 2964 807 3024 terrarum
826 2959 904 3024 orbe
927 2958 1052 3040 fugien-

56 3047 151 3111 tium.
183 3046 254 3131 quis
274 3067 332 3130 pro
353 3045 544 3130 indignitate
564 3045 776 3128 ingemescat,
800 3064 873 3104 oum
891 3041 1052 3105 Antonius

55 3128 197 3194 Lucium
219 3128 391 3193 Gaesarem
412 3127 607 3192 avunculum
630 3149 735 3206 suum,
757 3124 899 3210 Lepidus
916 3124 1052 3187 Lucium

56 3211 214 3297 Paulum·
229 3211 361 3276 fratrem
393 3234 486 3275 suum
519 3207 793 3297 proscripserint?
829 3228 904 3270 nam
930 3207 1078 3270 Romaes

56 3295 168 3381 capita
195 3316 363 3360 caesorum
387 3315 566 3379 proponere
599 3294 633 3355 in
664 3292 776 3355 rostris
807 3291 873 3352 iam
899 3291 1053 3353 usitatum

20 3387 146 3459 saerat3
177 3400 291 3443 verum
319 3378 365 3440 sie
392 3397 454 3462 quo
476 3397 518 3439 ue
545 3375 660 3438 civitas
687 3372 835 3436 lacrimas
855 3382 966 3436 tenere
987 3392 1052 3433 non

56 3461 179 3549 potuit,
208 3483 281 3527 cum
307 3461 446 3525 recisum
495 3459 632 3522 iceronis
653 3463 748 3545 caput
770 3456 805 3520 in
828 3455 893 3521 illis
915 3456 981 3521 suis
1000 3474 1051 3517 ro·
