2356 3818
213 232 318 281 mann
338 231 565 285 nnuonmms.
589 215 664 282 XV.
677 216 769 282 XVI.
784 215 895 281 XVII.
1018 223 1056 285 15

61 408 135 452 cum
163 384 312 471 fiuvium,
343 393 412 450 tum
439 393 517 480 aput
538 384 650 448 'Issum
670 382 819 467 Ciliciae,
850 386 945 450 tertio
970 386 1057 472 apud

61 469 200 551 Arbela,
228 468 331 534 tribus
352 467 484 555 proeliis
503 476 648 533 trecenta
666 467 826 553 peditum,
853 468 874 546 Τ
893 469 1056 553 legionum

63 554 223 639 equitum,
257 552 319 617 duo
346 552 437 628 milia
460 550 651 616 falcatorum
673 572 824 614 curruum
844 553 933 616 vicit.
976 553 1057 619 Mox

62 658 174 721 regem
200 635 355 700 Indorum
381 644 413 700 et
439 657 548 702 omnes
569 635 669 700 Asiae
695 643 809 719 gentes
837 635 897 699 sub
918 645 1057 721 potesta·

38 730 130 786 stem
157 740 249 783 suam
273 719 400 804 redegit
427 728 459 783 et
484 719 702 783 nobilissimas
721 717 819 782 urbes
840 720 939 784 Asiae
964 742 1000 783 ce
1022 723 1056 804 it,

62 802 197 885 Sardes,
219 802 352 884 Bactra,
378 801 474 882 Susa,
497 801 726 888 Babyloniam,
746 801 803 866 ubi
830 803 926 866 etiam
945 743 1057 868 delfin-

60 897 131 952 etus
152 897 207 963 est,
232 885 364 950 dubium
392 907 412 950 a
432 885 610 951 vinolentia
631 907 677 950 an
694 907 833 968 veneno,
856 908 928 949 cum
950 896 1058 951 tamen

59 971 150 1057 prius
183 978 216 1034 et
242 968 389 1033 Africam
417 978 622 1056 peragrasset
652 990 754 1056 usque
780 969 822 1032 ad
842 969 955 1034 Iovem
980 973 1057 1034 Am-

60 1074 189 1118 monem
210 1062 241 1117 et
255 1053 420 1118 Oceanum
437 1055 559 1138 primus
581 1054 723 1117 omnium
741 1053 937 1136 navigasset.
981 1053 1083 1118 Phi-s

29 1154 51 1196 ro
60 1138 83 1201 li
106 1158 181 1223 pus,
204 1138 259 1221 qui
270 1146 344 1222 post
353 1137 576 1202 Alexandrum
586 1136 798 1200 Macedonem
809 1138 942 1222 septimo
953 1138 1058 1222 gradu

97 1219 272 1285 acedoniae
286 1222 450 1305 regnavit,
469 1223 618 1285 invectus
634 1222 670 1282 in
684 1219 855 1285 Graeciam
872 1242 944 1284 cum
960 1243 1057 1285 saeve

61 1304 295 1385 dominaretur,
330 1304 514 1403 aSulpioio
550 1304 680 1381 consule
713 1305 749 1366 in
776 1303 918 1367 Phocide
951 1305 1057 1369 victus
1159 1358 1162 1367 .

30 1446 32 1450 ,
60 1396 126 1469 est,
156 1408 232 1453 mox
254 1387 477 1452 a'Flamimno
498 1388 533 1450 in
553 1385 776 1474 {Macedonia}
792 1386 960 1451 Thessalia
982 1397 1059 1474 aput

61 1471 341 1556 Cynoscephalas,
366 1470 423 1535 ubi
450 1471 524 1534 dato
550 1469 662 1536 obside
683 1470 750 1533 filio
772 1468 938 1534 Demetrio
964 1472 1057 1556 regni

26 1564 153 1641 15parte
172 1554 325 1618 multatus
347 1563 405 1619 est.
453 1553 572 1618 Perses
592 1553 735 1638 Philippi
760 1552 860 1635 filins,
894 1576 966 1618 cum
989 1571 1081 1619 mat

56 1638 157 1704 ximis
186 1639 286 1722 copiis
305 1638 504 1702 Macedoniis
525 1637 575 1676 *³²
602 1644 634 1700 et
655 1659 727 1700 cum
751 1637 786 1699 in
808 1636 979 1701 Graeciam
1000 1641 1056 1702 im-

57 1730 170 1808 petum
190 1722 334 1804 fecisset,
357 1745 429 1786 cum
447 1720 596 1785 inanibus
618 1720 667 1785 elo
690 1720 859 1784 hantorum
878 1722 1056 1785 simulacris

57 1828 79 1869 a
110 1804 234 1869 Marcio
264 1805 395 1870 consule
426 1805 512 1890 apud
538 1743 731 1868 Ascuridem
762 1804 926 1902 paludem
941 1807 1056 1887 victus,

21 1940 28 1959 ,
57 1890 170 1975 praeci
193 1890 281 1953 itatis
302 1891 338 1953 in
358 1911 447 1953 mare
466 1888 626 1952 thesauris
670 1889 808 1973 rofug1t;
834 1910 912 1952 mox
932 1888 972 1952 ab
993 1891 1056 1954 Ae-

15 1971 150 2036 romilio
208 1971 281 2039 aulo
315 1982 383 2038 tota
416 1973 609 2037 Macedonia
641 1911 771 2056 fligatus
805 1970 1058 2037 Samothraciam

56 2055 207 2141 confugit
223 2057 258 2119 in
272 2057 412 2142 asylum,
433 2056 519 2120 unde
538 2056 614 2119 data
631 2055 696 2119 fide
713 2078 785 2120 cum
806 2077 840 2119 se
852 2055 954 2120 Paulo
974 2079 1056 2121 com-

56 2140 216 2220 misisset,
247 2149 322 2203 ante
348 2163 477 2204 currum
503 2141 572 2202 eius
598 2141 633 2202 in
658 2140 855 2224 triumphum
881 2138 1056 2224 productus

56 2244 137 2286 mox
166 2222 270 2287 libera
297 2225 444 2288 custodia
468 2224 504 2286 in
529 2220 657 2286 Albano
687 2223 864 2287 consenuit.
915 2222 1082 2287 Pseudo-5

55 2304 239 2393 philippus,
271 2308 323 2372 vir
374 2307 497 2371 lebeius
530 2315 562 2370 et
592 2305 749 2390 degener,
782 2328 854 2370 oum
882 2327 925 2369 ex
946 2306 1056 2370 simili-

12 2420 47 2464 25
57 2388 174 2454 tudine
195 2389 318 2455 formae
367 2389 483 2475 hilippi
503 2389 603 2453 filium
625 2411 660 2452 se
687 2411 759 2453 esse
784 2389 998 2475 persuasisset
1026 2399 1057 2454 et

57 2472 256 2538 Macedonas
277 2476 311 2538 in
331 2474 454 2539 bellum
473 2475 659 2553 excitasset,
685 2473 770 2537 inter
789 2469 882 2537 initia
902 2472 1057 2538 tumultus

56 2556 310 2641 comprehensus
342 2557 402 2623 sub
429 2558 575 2622 custodia
601 2557 718 2620 missus
746 2567 794 2622 est
819 2557 967 2637 Romam,
1000 2556 1058 2621 ubi

56 2661 134 2703 cum
165 2660 207 2704 ex
234 2642 381 2706 custodia
408 2641 602 2725 aufugisset,
633 2642 793 2705 concitata
819 2663 931 2705 rursus
951 2639 1057 2704 Mace-

57 2723 158 2787 donia
179 2723 351 2791 Thraciam
369 2725 455 2790 bello
477 2726 609 2809 recepit.
653 2724 694 2786 In
714 2747 788 2790 arce
807 2727 901 2810 regni
925 2723 1057 2811 paluda-

14 2816 113 2879 sotus
135 2806 186 2870 ius
208 2809 308 2892 dixit3
336 2832 413 2875 mox
432 2832 453 2872 a
475 2807 617 2881 ¹Caecilio
638 2807 769 2874 Metello
791 2809 915 2892 ingenti
934 2807 1074 2892 proelio,

56 2890 183 2971 victus,
199 2913 277 2976 cum
297 2892 495 2979 profugisset
514 2893 549 2955 in
568 2890 754 2975 Thraciam,
776 2913 796 2955 a
815 2891 947 2976 regibus
969 2890 1057 2955 dedi·

56 2983 112 3038 tus
134 2985 177 3039 est
199 2984 232 3039 et
252 2977 287 3039 in
305 2975 502 3062 triumphum
524 2976 720 3060 deportatus.

123 3103 234 3170 xvir.
274 3106 420 3173 nsoss
448 3107 508 3172 nr
529 3107 678 3173 ovcss
698 3083 993 3172 scurronum.

142 3222 315 3306 Romulus,
338 3227 393 3311 qui
416 3225 529 3291 urbem
551 3224 704 3291 condidit.
746 3221 853 3287 Numa
868 3222 948 3286 Pom
970 3220 1056 3303 ilius,

15 3335 46 3377 ss
81 3308 117 3371 ui
143 3328 243 3373 ‘sacra
274 3310 449 3375 constituit.
507 3309 620 3374 Tullus
647 3306 821 3386 Hostilius,
852 3306 908 3391 qni
970 3303 1057 3369 lbam

56 3330 170 3459 drmit.
218 3391 331 3457 Ancus
354 3392 505 3474 Martius,
539 3394 595 3480 qui
622 3391 712 3476 leges
739 3390 893 3475 plurimas
919 3388 993 3454 tulit
1025 3396 1057 3452 et

52 3475 187 3545 ustum
208 3476 368 3543 coloniam
383 3478 557 3543 constituit.
602 3475 734 3542 Servius
753 3472 894 3558 Tullius,
916 3474 973 3558 qui
992 3472 1055 3554 pri·
