2356 3818
489 184 717 281 1‚1[a-77]..'
1074 201 1093 259 τ

98 376 164 451 que
175 359 383 444 elegantiem3
401 360 518 507 quippe
530 360 585 447 qui
595 359 749 425 oriundus
763 361 917 427 Corintho
930 362 1090 428 Graecum

97 436 266 531 ing‘enium
277 442 400 506 Italicis
417 445 480 507 arti
501 465 539 507 us
551 445 741 507 miscuisset.
770 445 823 512 hio
841 456 872 512 et
883 455 1011 511 senatus
1025 461 1118 510 mat

96 533 247 595 iestatcm
266 547 399 591 numero
428 527 608 625 ampliavit,
637 537 668 591 ct
696 531 848 592 centuriis
874 531 977 594 tribus
999 533 1090 594 auxit

10 678 24 699 ἱ
98 637 117 678 s
139 613 232 692 uites,
245 620 401 696 quatenus
415 610 523 691 Attius
532 609 656 680 Navius
673 634 841 676 numerum
856 615 968 698 augeri
983 614 1090 700 prohi-

60 724 74 764 s
95 637 205 776 bllbat,
216 695 268 758 vir
280 715 420 758 summus
432 695 576 778 augurio.
603 717 700 780 quem
709 717 769 760 rex
784 697 819 760 in
836 699 1116 781 experimentum

96 780 236 864 rogavit,
247 777 359 842 fierine
370 778 672 864 posset,1quodipse
689 788 796 844 mente
807 788 1006 878 conceperat.
1032 781 1124 850 illes⁴

95 886 167 927 rem
177 869 329 946 expertus
340 862 484 944 augurio,
502 883 598 946 posse
614 863 790 948 respondit.
814 872 859 927 ‘at
880 886 938 928 u1n
946 863 1020 928 hoc'
1042 866 1089 928 in·
1173 898 1175 905 ·

96 948 168 1033 quit
185 946 355 1028 ‘agitaram
359 991 368 1024 ,
397 953 500 1008 cotem
516 944 605 1008 illam
623 947 725 1009 secari
742 888 899 1011 novacula
915 968 1011 1033 posse
1020 955 1040 1030 3'
1059 955 1090 1010 et

95 1051 202 1113 augur
214 1035 330 1114 ‘potest
341 1035 431 1111 ergo'
443 1028 556 1113 inquit,
569 1036 600 1091 et
610 1032 721 1093 secuit.
747 1030 822 1095 inde
833 1032 985 1096 Romanis
999 1041 1116 1094 sacer5

59 1121 284 1197 inauguratus.
302 1132 406 1195 neque
416 1133 495 1196 pace
503 1110 697 1198 Tarquinius
710 1114 896 1200 quambello
924 1115 1089 1199 romptior.

95 1196 268 1261 duodecim
284 1215 359 1257 nam
380 1216 422 1258 ue
441 1194 578 1258 Tusciae
595 1196 729 1280 populos
752 1199 914 1284 frequenti
936 1221 974 1263 us
993 1198 1090 1261 armis

95 1279 177 1345 sube
201 1280 236 1342 it.
274 1278 349 1342 inde
360 1216 481 1359 lasces,
497 1278 637 1361 trabeae,
657 1280 794 1362 curules,
813 1282 910 1364 anuli,
927 1281 1117 1368 phalerass

94 1301 331 1450 paludamenta,
348 1370 543 1446 praetextae,
562 1363 637 1427 inde
656 1363 742 1462 quod
761 1386 859 1429 aureo
877 1388 981 1447 curru,
1021 1373 1089 1429 uat·
1118 1390 1123 1403 =

94 1457 170 1511 tuor
189 1447 280 1532 equis
296 1445 518 1530 triumphatur,
535 1454 630 1529 togae
645 1456 750 1532 protae
767 1449 958 1534 tunicaeque
967 1388 1088 1534 pdlma-

59 1540 159 1612 retae,
171 1531 278 1607 omnia
288 1528 425 1614 denique
437 1529 554 1593 decora
565 1538 597 1591 et
606 1530 756 1614 insignia,
778 1531 893 1617 quibus
904 1533 1031 1617 imperii
1043 1532 1089 1596 di·

94 1615 202 1699 gnitas
215 1614 342 1691 eminet,
358 1620 483 1697 sumpta
494 1619 578 1681 sunt.
939 1648 944 1658 =

182 1695 313 1762 Servium
325 1695 450 1760 Tullius
463 1695 613 1781 deinceps
625 1696 844 1780 gubernacula
853 1697 942 1762 urbis
953 1696 1116 1780 invadito

94 1802 158 1846 nec
173 1780 351 1846 obscuritas
371 1778 510 1843 inhibuit
531 1781 676 1867 quamvis
698 1791 800 1854 matre
821 1802 916 1844 serva
936 1789 1088 1845 creatum.

95 1862 565 1929 nameximiamindolemuxor
572 1864 904 1951 TarquiniiTanaquil
915 1864 1091 1929 liberaliter

60 1948 300 2030 roeduoaverat,
320 1956 352 2011 et
369 1945 493 2011 clarum
508 1947 578 2013 fore
596 1950 667 2013 visa
677 1951 763 2012 circa
773 1971 811 2013 ce
833 1958 869 2013 ut
879 1949 1008 2012 flamma
1018 1969 1090 2033 pro-

95 2033 238 2107 miserat.
267 2053 344 2116 ergo
362 2031 447 2095 inter
459 2030 626 2119 Tarquinii
640 2041 777 2113 ,mortem
794 2054 814 2095 a
861 2034 958 2097 ‘tente
976 2055 1012 2097 re
1036 2033 1115 2095 inat

25 2116 29 2121 ’
96 2114 287 2180 substitutus
299 2117 333 2179 in
344 2115 449 2178 locum
459 2116 545 2198 regis
563 2116 656 2200 quasi
670 2117 849 2202 intempus,
868 2138 1004 2201 regnum
1013 2055 1089 2180 dolo
1111 2144 1113 2153 ·

16 2204 25 2213 “
119 2199 283 2281 artumsic
295 2198 362 2282 egit
371 2197 537 2280 industrie,
554 2207 590 2261 ut
605 2200 674 2261 iure
692 2198 827 2285 adeptus
843 2200 1016 2264 videretur.
1046 2198 1114 2265 aba

95 2223 159 2348 loo
180 2281 317 2367 populus
337 2280 500 2344 Romanus
522 2280 641 2343 relatus
662 2282 696 2343 in
719 2302 865 2364 censum,
888 2282 1032 2367 digestus
1056 2283 1091 2346 in
1130 2292 1132 2297 ⁴

30 2392 33 2399 ’
61 2395 89 2436 rs
98 2366 229 2447 classes,
248 2364 386 2429 decuriis
402 2363 507 2448 adque
525 2362 670 2448 collegiis
688 2364 887 2447 distributus,
904 2372 1090 2451 summaque

72 2500 77 2509 .
95 2450 184 2534 regis
196 2446 340 2512 sollertia
356 2447 402 2510 ita
415 2456 464 2531 est
480 2447 689 2513 ordinatores
707 2448 851 2534 publica,
869 2458 905 2513 ut
917 2451 1023 2514 omnia
1034 2471 1090 2535 pa·

94 2534 247 2614 trimonu,
266 2532 442 2616 digmtaus,
459 2533 582 2614 aetatis,
599 2534 716 2607 artium
727 2533 968 2620 officiorumque
978 2534 1089 2597 discri-

94 2617 185 2682 mina
200 2617 235 2679 in
248 2615 375 2680 tabulas
388 2615 595 2697 referrentur,
614 2638 652 2680 ac
663 2617 711 2681 sic
720 2618 862 2681 maxima
873 2618 986 2682 civitas
997 2618 1089 2681 mini-

94 2721 168 2765 mae
181 2696 291 2764 domus
305 2699 473 2784 diligentia
483 2701 709 2765 contineretur.

60 2797 87 2837 ³⁰
180 2784 364 2861 Postremus
376 2783 438 2847 fuit
448 2786 590 2849 omnium
599 2805 713 2869 regum
727 2784 931 2871 Tarquinius,
950 2785 1003 2848 cui
1013 2782 1114 2867 cog-7

94 2889 212 2945 nomen
226 2866 371 2953 Superbo
388 2889 431 2932 ex
440 2868 582 2933 moribus
600 2867 719 2932 datum.
742 2868 795 2949 hic
811 2891 946 2953 regnum
957 2867 1115 2947 avitum,2

94 2951 184 3039 quod
196 2971 216 3013 a
227 2950 340 3015 Servio
350 2952 527 3036 tenebatur,
544 2974 657 3051 rapere
674 2952 786 3016 maluit
803 2974 898 3038 quam
909 2959 1088 3035 expectare,

93 3035 266 3121 missisque
280 3036 315 3097 in
329 3056 402 3098 eum
416 3036 658 3134 percussoribus
676 3036 798 3100 scelere
815 3044 939 3120 partam
949 3040 1087 3117 potesta-

94 3129 162 3183 tem
173 3138 238 3183 non
249 3117 364 3181 melius
376 3129 441 3202 eg1t
459 3143 554 3206 quam
566 3120 794 3206 adquisiverat.
821 3140 882 3183 nec
894 3116 1087 3182 abhorrebat
1097 3133 1113 3185 3

62 3201 243 3271 semoribus
259 3221 344 3264 uxor
360 3201 475 3285 Tullia,
498 3226 593 3291 quae,
616 3212 651 3267 ut
672 3205 778 3267 virum
799 3223 910 3285 regem
926 3199 1087 3284 salutaret,

96 3307 196 3370 supra
225 3293 393 3349 cruentum
419 3297 544 3369 patrem
570 3296 663 3352 vecta
690 3293 841 3370 carpento
867 3293 1087 3349 consternatos

96 3390 197 3454 equos
214 3369 332 3452 exegit.
363 3376 412 3431 set
428 3369 547 3468 ipsein
564 3379 710 3435 senatum
728 3367 891 3451 caedibus,
909 3371 943 3434 in
959 3367 1112 3457 plebemt

94 3451 297 3535 verberibus,
313 3453 348 3516 in
362 3473 464 3518 cmms
481 3454 642 3543 superbia,
659 3473 741 3539 quae
757 3453 945 3519 crudelitate
956 3453 1088 3538 gravior
