2348 3818
99 211 139 273 22
252 185 281 257 ,'
460 219 554 270 arou
574 218 719 269 inrum
756 225 758 229 ’

98 375 233 441 Allobro
257 394 292 437 as
314 371 531 454 sollicitasset,
558 371 599 435 ab
626 370 782 435 Cicerone
800 369 837 433 in
858 377 971 435 senatu
991 385 1057 434 aoou·

64 517 67 522 .
100 469 202 541 satus,
221 395 262 522 ab
282 455 424 521 Antonio
445 456 481 519 in
498 453 618 542 Apulia
640 453 820 518 debellatus
843 463 902 538 est.
955 457 956 460 ’

119 604 281 670 xxvia.
324 602 525 668 Posvavs
548 601 760 668 somnus
788 601 884 667 ovar
906 587 1047 683 vavs

121 698 344 768 canamus
368 698 878 863 nnmioppplssmvmsr
903 683 1048 821 ornys
1067 809 1080 848 ὅ.

76 932 90 983 1
132 918 134 923 ’
183 917 327 1015 Populus
347 916 510 981 Romanus
531 915 592 980 sub
604 914 739 980 Romulo
760 914 920 1015 pugnavit
940 934 1008 979 cum
1025 910 1063 976 sa

99 1001 186 1151 pippis
205 1002 457 1125 'Prissffiq‘pwpter
482 1000 626 1084 virgines
653 1007 777 1084 raptas:
805 997 867 1063 sub
889 995 988 1085 ⁸Tullo
1012 1001 1085 1061 odn'

166 1105 235 1148 anrs
383 1129 387 1137 -

75 1185 92 1234 2
184 1168 321 1231 Pontius
342 1166 526 1248 Telesinus,
557 1164 625 1230 dux
645 1163 920 1252 Samnitum,·qui
944 1164 986 1231 ad
1005 1162 1066 1230 Gau·

101 1251 194 1317 (linas
215 1250 358 1316 furculas
379 1250 540 1315 Romanos
562 1248 621 1312 sub
643 1250 754 1334 iugum
773 1250 872 1313 misit.
1007 1274 1010 1279 ·
1072 1258 1085 1301 ¹¹

2 1408 7 1416 ἡ
77 1344 94 1398 3
183 1333 321 1421 Pyrrus,
342 1355 402 1398 rex
418 1332 637 1419 Epirotarum,
666 1333 722 1418 qui
740 1353 800 1418 pro
821 1331 1003 1396 Tarentinis
1018 1326 1068 1394 bel·

101 1417 169 1483 lum
190 1439 262 1482 cum
283 1416 435 1482 Romanis
457 1417 558 1501 gessit
578 1424 768 1502 vastataque
783 1415 963 1501 Campania
980 1412 1021 1478 ad
1035 1411 1069 1476 vi·

101 1504 255 1566 cesimum
281 1498 322 1565 ab
343 1499 423 1564 urbe
445 1499 584 1586 lapidem
604 1501 766 1585 pervenit,
781 1521 869 1564 ,mox
889 1521 911 1562 a
933 1498 1026 1564 curio
1049 1501 1070 1558 et

100 1584 251 1650 Fabricio
272 1587 377 1647 victus
398 1585 432 1647 in
443 1584 580 1668 patriam
601 1584 774 1664 concessit,
798 1592 830 1647 et
850 1586 926 1646 cum
936 1581 1070 1647 Achaim

101 1670 199 1734 armis
214 1666 274 1732 sub
289 1688 323 1731 se
339 1665 416 1732 reda
439 1669 533 1748 isset,
552 1665 775 1731 Macedoniam
788 1687 914 1755 quoque
926 1665 1085 1749 Antigonot

101 1753 172 1836 regi
202 1752 387 1840 eripuisset,
417 1689 497 1813 dum
523 1750 630 1834 Argos
663 1758 842 1834 expugnat,
873 1750 999 1812 occisus
1027 1751 1068 1810 ert·

101 1835 253 1898 Omnium
274 1833 471 1897 Graecorum
497 1834 748 1916 sapientissimus
776 1842 807 1896 et
826 1830 976 1906 militaris
997 1827 1070 1895 disci·

77 1916 209 2003 tplinae
236 1915 547 2001 peritissimusfuit:
587 1915 744 1997 Annibal,
772 1917 827 2002 qui
852 1936 970 1979 novem
993 1930 1069 1977 anno

101 2022 174 2064 rum
199 1999 383 2085 patremin
410 1998 600 2084 Hispaniam
626 2009 769 2082 secutus,
804 2000 909 2063 minor
937 2013 1069 2070 annorum

76 2123 79 2127 -
101 2082 201 2149 XXV
224 2084 397 2167 imperator
420 2082 523 2146 factus
549 2083 686 2146 triennio
715 2085 749 2146 in
767 2080 928 2168 Hispania
952 2080 1026 2146 vicit
1047 2082 1085 2139 ott

27 2184 30 2201 ¹
102 2169 269 2233 eversione
283 2164 417 2252 Sagunti
439 2173 532 2251 rupto
555 2165 684 2230 foedere
705 2164 804 2252 perP
828 2157 1068 2243 renaeumetlil·

100 2274 158 2338 pes
180 2253 215 2316 in
234 2250 361 2314 Italiam
373 2250 476 2330 uenit,
499 2259 530 2312 ct
544 2247 728 2334 Scipionem'
745 2248 788 2312 ad
798 2188 975 2330 lliternum,
995 2243 1069 2310 Tibe

101 2336 185 2399 rium
199 2333 369 2400 Claudium
385 2333 471 2418 apud
490 2331 653 2413 Trebiam,
674 2331 869 2399 Flaminium
886 2330 973 2417 apud
983 2326 1069 2395 'liuti-

100 2440 261 2501 mannum,
277 2416 457 2481 Paulum·et
467 2416 645 2481 Varronem
656 2416 741 2501 apud
755 2414 894 2497 Cannas,
909 2411 1070 2480 Gracchum

101 2502 136 2563 in
155 2501 312 2582 Lucania,
333 2499 523 2564 Marcellum
544 2501 578 2563 in
596 2499 773 2585 Campania
796 2500 972 2584 superavit.
990 2493 1048 2535 m
1073 2498 1085 2540 Ἀ

144 2651 324 2718 xxvnn.
369 2644 535 2719 srrrvs
556 2652 718 2718 rorum
739 2649 915 2718 aonam
937 2645 1045 2732 ovas

309 2748 688 2817 oormvmrrorns
706 2747 887 2814 maur.

79 2878 88 2927 1
186 2861 328 2949 Populus
341 2862 502 2928 Romanus
514 2866 651 2964 primum
663 2863 722 2927 sub
735 2860 867 2946 regibus
878 2861 956 2927 init:
975 2857 1072 2926 deinde

102 2955 174 3032 post
201 2945 383 3033 superbiam
409 2947 577 3034 Tarquinii
608 2956 639 3011 et
664 2946 799 3010 inlatum
823 2944 997 3011 Lucretiae
1025 2952 1072 3009 stu·

101 3050 195 3114 prum
215 3030 357 3115 expulsis
378 3030 508 3113 regibus
525 3030 658 3095 tutelam
677 3027 924 3099 suiconsulibus
938 3027 1085 3094 tribunis-³

78 3125 94 3174 2
125 3133 165 3176 ue
179 3114 344 3177 commisit.
372 3113 500 3177 Deinde
515 3114 694 3183 tribuniciis
711 3110 924 3177 seditionibus
942 3115 1073 3199 agitatua

79 3215 123 3259 ‚a
146 3195 260 3259 dicatis
280 3195 427 3259 omnibus
443 3196 683 3279 magistratibus
704 3196 903 3261 decemviros
925 3194 1057 3281 lagnml
1077 3228 1080 3233 ·

102 3277 273 3342 rondarum
294 3287 326 3342 et
346 3280 394 3342 rei
436 3278 562 3344 ublicae
580 3278 822 3344 constituendae
841 3298 941 3343 causa
953 3279 1075 3366 paravit

79 3357 227 3425 3Horum
253 3381 379 3510 puoque
423 3363 649 3461 ominationem
675 3372 707 3427 et
724 3361 890 3461 libidinem
913 3362 1077 3462 detestatus

101 3462 213 3508 rursus
234 3465 254 3509 a
301 3446 447 3511 consules
467 3445 579 3529 redut,
606 3447 708 3513 donec
729 3454 849 3512 exortis
870 3445 969 3513 bellis
990 3446 1085 3515 civil-2
