<?xml version="1.0" encoding="UTF-8"?>
<!DOCTYPE html PUBLIC "-//W3C//DTD XHTML 1.0 Transitional//EN"
    "http://www.w3.org/TR/xhtml1/DTD/xhtml1-transitional.dtd">
<html xmlns="http://www.w3.org/1999/xhtml" xml:lang="en" lang="en">
 <head>
  <title>
</title>
<meta http-equiv="Content-Type" content="text/html;charset=utf-8" />
  <meta name='ocr-system' content='tesseract 3.04.00' />
  <meta name='ocr-capabilities' content='ocr_page ocr_carea ocr_par ocr_line ocrx_word'/>
</head>
<body>
  <div class='ocr_page' id='page_1' title='image "./iulifloriepitom00halmgoog_0107.png"; bbox 0 0 2356 3818; ppageno 0'>
   <div class='ocr_carea' id='block_1_1' title="bbox 114 213 748 278">
    <p class='ocr_par' dir='ltr' id='par_1_1' title="bbox 114 213 748 278">
     <span class='ocr_line' id='line_1_1' title="bbox 114 213 748 278; baseline -0.008 0"><span class='ocrx_word' id='word_1_1' title='bbox 114 213 154 278; x_wconf 85' lang='lat'><strong>80</strong></span> <span class='ocrx_word' id='word_1_2' title='bbox 463 224 748 275; x_wconf 76' lang='lat' dir='ltr'><strong>ruoarnrmour.</strong></span> 
     </span>
    </p>
   </div>
   <div class='ocr_carea' id='block_1_2' title="bbox 65 376 1048 3563">
    <p class='ocr_par' dir='ltr' id='par_1_2' title="bbox 85 376 1048 1468">
     <span class='ocr_line' id='line_1_2' title="bbox 113 376 1047 466; baseline 0 -22"><span class='ocrx_word' id='word_1_3' title='bbox 113 400 154 444; x_wconf 91' lang='lat' dir='ltr'><strong>ne</strong></span> <span class='ocrx_word' id='word_1_4' title='bbox 188 377 306 443; x_wconf 89' lang='lat' dir='ltr'><strong>sociale</strong></span> <span class='ocrx_word' id='word_1_5' title='bbox 338 378 482 465; x_wconf 87' lang='lat' dir='ltr'><strong>quidem,</strong></span> <span class='ocrx_word' id='word_1_6' title='bbox 515 376 574 441; x_wconf 88' lang='lat' dir='ltr'><strong>sed</strong></span> <span class='ocrx_word' id='word_1_7' title='bbox 604 397 664 440; x_wconf 90' lang='lat' dir='ltr'><strong>nec</strong></span> <span class='ocrx_word' id='word_1_8' title='bbox 697 385 879 459; x_wconf 84' lang='lat' dir='ltr'><strong>externum,</strong></span> <span class='ocrx_word' id='word_1_9' title='bbox 913 379 974 466; x_wconf 78' lang='lat' dir='ltr'><strong>setl</strong></span> <span class='ocrx_word' id='word_1_10' title='bbox 1007 401 1047 465; x_wconf 92' lang='lat' dir='ltr'><strong>po</strong></span> 
     </span>
     <span class='ocr_line' id='line_1_3' title="bbox 114 459 1048 548; baseline -0.002 -19"><span class='ocrx_word' id='word_1_11' title='bbox 114 484 281 529; x_wconf 91' lang='lat' dir='ltr'><strong>commune</strong></span> <span class='ocrx_word' id='word_1_12' title='bbox 323 462 464 527; x_wconf 90' lang='lat' dir='ltr'><strong>uoddam</strong></span> <span class='ocrx_word' id='word_1_13' title='bbox 485 482 528 525; x_wconf 85' lang='lat' dir='ltr'><strong>ex</strong></span> <span class='ocrx_word' id='word_1_14' title='bbox 548 459 695 523; x_wconf 87' lang='lat' dir='ltr'><strong>omnibus</strong></span> <span class='ocrx_word' id='word_1_15' title='bbox 716 470 748 524; x_wconf 87' lang='lat' dir='ltr'><strong>et</strong></span> <span class='ocrx_word' id='word_1_16' title='bbox 765 460 838 546; x_wconf 90' lang='lat' dir='ltr'><strong>plus</strong></span> <span class='ocrx_word' id='word_1_17' title='bbox 860 484 956 548; x_wconf 89' lang='lat' dir='ltr'><strong>quam</strong></span> <span class='ocrx_word' id='word_1_18' title='bbox 977 462 1048 527; x_wconf 88' lang='lat' dir='ltr'><strong>bell</strong></span> 
     </span>
     <span class='ocr_line' id='line_1_4' title="bbox 88 485 1047 646; baseline 0 -36"><span class='ocrx_word' id='word_1_19' title='bbox 88 549 233 646; x_wconf 68' lang='lat' dir='ltr'><strong>bquippe</strong></span> <span class='ocrx_word' id='word_1_20' title='bbox 254 547 282 610; x_wconf 90' lang='lat' dir='ltr'><strong>si</strong></span> <span class='ocrx_word' id='word_1_21' title='bbox 302 485 409 611; x_wconf 61' lang='lat' dir='ltr'><strong>(Guces</strong></span> <span class='ocrx_word' id='word_1_22' title='bbox 434 546 502 608; x_wconf 89' lang='lat' dir='ltr'><strong>eius</strong></span> <span class='ocrx_word' id='word_1_23' title='bbox 523 544 693 628; x_wconf 78' lang='lat' dir='ltr'><strong>inspicias,</strong></span> <span class='ocrx_word' id='word_1_24' title='bbox 722 553 808 608; x_wconf 91' lang='lat' dir='ltr'><strong>totus</strong></span> <span class='ocrx_word' id='word_1_25' title='bbox 831 555 960 610; x_wconf 86' lang='lat' dir='ltr'><strong>senatus</strong></span> <span class='ocrx_word' id='word_1_26' title='bbox 984 551 1021 610; x_wconf 92' lang='lat' dir='ltr'><strong>in</strong></span> <span class='ocrx_word' id='word_1_27' title='bbox 1041 570 1047 632; x_wconf 81' lang='lat'>]</span> 
     </span>
     <span class='ocr_line' id='line_1_5' title="bbox 112 625 1037 713; baseline -0.001 -19"><span class='ocrx_word' id='word_1_28' title='bbox 112 629 215 713; x_wconf 82' lang='lat' dir='ltr'><strong>t1bus3</strong></span> <span class='ocrx_word' id='word_1_29' title='bbox 245 631 273 694; x_wconf 87' lang='lat' dir='ltr'><strong>si</strong></span> <span class='ocrx_word' id='word_1_30' title='bbox 296 631 472 710; x_wconf 87' lang='lat' dir='ltr'><strong>exercitus,</strong></span> <span class='ocrx_word' id='word_1_31' title='bbox 500 625 576 690; x_wconf 89' lang='lat' dir='ltr'><strong>hinc</strong></span> <span class='ocrx_word' id='word_1_32' title='bbox 596 627 748 691; x_wconf 79' lang='lat' dir='ltr'><strong>undecim</strong></span> <span class='ocrx_word' id='word_1_33' title='bbox 768 626 929 712; x_wconf 87' lang='lat' dir='ltr'><strong>legiones,</strong></span> <span class='ocrx_word' id='word_1_34' title='bbox 957 630 1037 695; x_wconf 90' lang='lat' dir='ltr'><strong>inde</strong></span> 
     </span>
     <span class='ocr_line' id='line_1_6' title="bbox 113 711 1047 798; baseline -0.002 -20"><span class='ocrx_word' id='word_1_35' title='bbox 113 736 183 778; x_wconf 91' lang='lat' dir='ltr'><strong>cem</strong></span> <span class='ocrx_word' id='word_1_36' title='bbox 211 724 243 779; x_wconf 90' lang='lat' dir='ltr'><strong>et</strong></span> <span class='ocrx_word' id='word_1_37' title='bbox 271 723 358 794; x_wconf 88' lang='lat' dir='ltr'><strong>octo,</strong></span> <span class='ocrx_word' id='word_1_38' title='bbox 385 713 445 776; x_wconf 90' lang='lat' dir='ltr'><strong>flos</strong></span> <span class='ocrx_word' id='word_1_39' title='bbox 473 711 577 774; x_wconf 92' lang='lat' dir='ltr'><strong>omnis</strong></span> <span class='ocrx_word' id='word_1_40' title='bbox 604 721 638 775; x_wconf 90' lang='lat' dir='ltr'><strong>et</strong></span> <span class='ocrx_word' id='word_1_41' title='bbox 663 711 764 775; x_wconf 86' lang='lat' dir='ltr'><strong>robur</strong></span> <span class='ocrx_word' id='word_1_42' title='bbox 788 711 895 776; x_wconf 90' lang='lat' dir='ltr'><strong>Italici</strong></span> <span class='ocrx_word' id='word_1_43' title='bbox 924 717 1047 798; x_wconf 86' lang='lat' dir='ltr'><strong>sangui:</strong></span> 
     </span>
     <span class='ocr_line' id='line_1_7' title="bbox 113 793 1047 883; baseline 0.002 -21"><span class='ocrx_word' id='word_1_44' title='bbox 113 799 141 862; x_wconf 91' lang='lat' dir='ltr'><strong>si</strong></span> <span class='ocrx_word' id='word_1_45' title='bbox 168 797 292 862; x_wconf 83' lang='lat' dir='ltr'><strong>auxilia</strong></span> <span class='ocrx_word' id='word_1_46' title='bbox 319 797 493 876; x_wconf 89' lang='lat' dir='ltr'><strong>sociorum,</strong></span> <span class='ocrx_word' id='word_1_47' title='bbox 521 793 597 857; x_wconf 89' lang='lat' dir='ltr'><strong>hinc</strong></span> <span class='ocrx_word' id='word_1_48' title='bbox 631 794 751 859; x_wconf 78' lang='lat' dir='ltr'><strong>Gallici</strong></span> <span class='ocrx_word' id='word_1_49' title='bbox 778 794 999 883; x_wconf 79' lang='lat' dir='ltr'><strong>Germanique</strong></span> <span class='ocrx_word' id='word_1_50' title='bbox 1034 800 1047 865; x_wconf 73' lang='grc' dir='ltr'><strong>θ’</strong></span> 
     </span>
     <span class='ocr_line' id='line_1_8' title="bbox 112 877 1047 962; baseline 0.003 -18"><span class='ocrx_word' id='word_1_51' title='bbox 112 891 197 962; x_wconf 90' lang='lat' dir='ltr'><strong>ctus,</strong></span> <span class='ocrx_word' id='word_1_52' title='bbox 226 881 302 945; x_wconf 87' lang='lat' dir='ltr'><strong>inde</strong></span> <span class='ocrx_word' id='word_1_53' title='bbox 329 878 532 959; x_wconf 87' lang='lat' dir='ltr'><strong>Deiotarus,</strong></span> <span class='ocrx_word' id='word_1_54' title='bbox 546 877 801 961; x_wconf 81' lang='lat' dir='ltr'><strong>Ariobarzanes,</strong></span> <span class='ocrx_word' id='word_1_55' title='bbox 830 880 1047 949; x_wconf 87' lang='lat' dir='ltr'><strong>Tarcondimo</strong></span> 
     </span>
     <span class='ocr_line' id='line_1_9' title="bbox 112 960 1047 1052; baseline -0.001 -22"><span class='ocrx_word' id='word_1_56' title='bbox 112 965 213 1052; x_wconf 85' lang='lat' dir='ltr'><strong>Cotys</strong></span> <span class='ocrx_word' id='word_1_57' title='bbox 227 975 258 1028; x_wconf 89' lang='lat' dir='ltr'><strong>et</strong></span> <span class='ocrx_word' id='word_1_58' title='bbox 269 960 492 1046; x_wconf 87' lang='lat' dir='ltr'><strong>Rhascypolis,</strong></span> <span class='ocrx_word' id='word_1_59' title='bbox 507 983 601 1028; x_wconf 92' lang='lat' dir='ltr'><strong>omne</strong></span> <span class='ocrx_word' id='word_1_60' title='bbox 612 961 780 1048; x_wconf 82' lang='lat' dir='ltr'><strong>Thraciae,</strong></span> <span class='ocrx_word' id='word_1_61' title='bbox 794 962 841 1050; x_wconf 87' lang='lat' dir='ltr'><strong>Ca</strong></span> <span class='ocrx_word' id='word_1_62' title='bbox 863 964 1031 1049; x_wconf 90' lang='lat' dir='ltr'><strong>padooiae,</strong></span> <span class='ocrx_word' id='word_1_63' title='bbox 1045 967 1047 1029; x_wconf 74' lang='lat' dir='ltr'>J</span> 
     </span>
     <span class='ocr_line' id='line_1_10' title="bbox 85 985 1047 1132; baseline -0.002 -18"><span class='ocrx_word' id='word_1_64' title='bbox 85 1050 263 1114; x_wconf 80' lang='lat' dir='ltr'><strong>ocedoniae</strong></span> <span class='ocrx_word' id='word_1_65' title='bbox 271 1096 280 1129; x_wconf 91' lang='lat'><strong>,</strong></span> <span class='ocrx_word' id='word_1_66' title='bbox 294 1045 443 1126; x_wconf 78' lang='lat' dir='ltr'><strong>Ciliciae,</strong></span> <span class='ocrx_word' id='word_1_67' title='bbox 459 1044 616 1110; x_wconf 80' lang='lat' dir='ltr'><strong>Graeciae</strong></span> <span class='ocrx_word' id='word_1_68' title='bbox 627 1048 789 1132; x_wconf 87' lang='lat' dir='ltr'><strong>totiusque</strong></span> <span class='ocrx_word' id='word_1_69' title='bbox 801 985 901 1112; x_wconf 61' lang='lat' dir='ltr'><strong>roCur</strong></span> <span class='ocrx_word' id='word_1_70' title='bbox 916 1049 1047 1113; x_wconf 84' lang='lat' dir='ltr'><strong>orientis</strong></span> 
     </span>
     <span class='ocr_line' id='line_1_11' title="bbox 109 1129 1047 1215; baseline 0.001 -19"><span class='ocrx_word' id='word_1_71' title='bbox 109 1154 232 1197; x_wconf 90' lang='lat' dir='ltr'><strong>moram</strong></span> <span class='ocrx_word' id='word_1_72' title='bbox 245 1129 339 1210; x_wconf 92' lang='lat' dir='ltr'><strong>belli,</strong></span> <span class='ocrx_word' id='word_1_73' title='bbox 363 1138 513 1215; x_wconf 87' lang='lat' dir='ltr'><strong>quattuor</strong></span> <span class='ocrx_word' id='word_1_74' title='bbox 533 1130 624 1210; x_wconf 90' lang='lat' dir='ltr'><strong>anni,</strong></span> <span class='ocrx_word' id='word_1_75' title='bbox 648 1138 696 1193; x_wconf 89' lang='lat' dir='ltr'><strong>set</strong></span> <span class='ocrx_word' id='word_1_76' title='bbox 716 1152 774 1215; x_wconf 93' lang='lat' dir='ltr'><strong>pro</strong></span> <span class='ocrx_word' id='word_1_77' title='bbox 797 1130 888 1195; x_wconf 89' lang='lat' dir='ltr'><strong>clade</strong></span> <span class='ocrx_word' id='word_1_78' title='bbox 909 1154 1020 1196; x_wconf 90' lang='lat' dir='ltr'><strong>rerum</strong></span> <span class='ocrx_word' id='word_1_79' title='bbox 1039 1133 1047 1197; x_wconf 88' lang='lat' dir='ltr'><strong>l</strong></span> 
     </span>
     <span class='ocr_line' id='line_1_12' title="bbox 108 1212 1047 1296; baseline 0.002 -17"><span class='ocrx_word' id='word_1_80' title='bbox 108 1238 183 1296; x_wconf 80' lang='lat' dir='ltr'><strong>ves3</strong></span> <span class='ocrx_word' id='word_1_81' title='bbox 213 1215 242 1277; x_wconf 91' lang='lat' dir='ltr'><strong>si</strong></span> <span class='ocrx_word' id='word_1_82' title='bbox 261 1212 367 1277; x_wconf 91' lang='lat' dir='ltr'><strong>locum</strong></span> <span class='ocrx_word' id='word_1_83' title='bbox 384 1221 421 1276; x_wconf 78' lang='lat' dir='ltr'><strong>‘et</strong></span> <span class='ocrx_word' id='word_1_84' title='bbox 447 1235 462 1276; x_wconf 90' lang='lat' dir='ltr'><strong>s</strong></span> <span class='ocrx_word' id='word_1_85' title='bbox 486 1215 600 1294; x_wconf 92' lang='lat' dir='ltr'><strong>atium,</strong></span> <span class='ocrx_word' id='word_1_86' title='bbox 627 1215 832 1279; x_wconf 88' lang='lat' dir='ltr'><strong>commissum</strong></span> <span class='ocrx_word' id='word_1_87' title='bbox 855 1225 903 1278; x_wconf 91' lang='lat' dir='ltr'><strong>est</strong></span> <span class='ocrx_word' id='word_1_88' title='bbox 930 1217 1018 1281; x_wconf 89' lang='lat' dir='ltr'><strong>intra</strong></span> <span class='ocrx_word' id='word_1_89' title='bbox 1045 1219 1047 1280; x_wconf 77' lang='lat' dir='ltr'>j</span> 
     </span>
     <span class='ocr_line' id='line_1_13' title="bbox 108 1236 1037 1384; baseline 0.001 -21"><span class='ocrx_word' id='word_1_90' title='bbox 108 1300 199 1379; x_wconf 88' lang='lat' dir='ltr'><strong>liam,</strong></span> <span class='ocrx_word' id='word_1_91' title='bbox 227 1298 303 1362; x_wconf 87' lang='lat' dir='ltr'><strong>inde</strong></span> <span class='ocrx_word' id='word_1_92' title='bbox 332 1319 366 1360; x_wconf 81' lang='grc' dir='ltr'><strong>ιθ</strong></span> <span class='ocrx_word' id='word_1_93' title='bbox 395 1298 429 1360; x_wconf 93' lang='lat' dir='ltr'><strong>in</strong></span> <span class='ocrx_word' id='word_1_94' title='bbox 456 1236 597 1362; x_wconf 79' lang='lat' dir='ltr'><strong>Galliam</strong></span> <span class='ocrx_word' id='word_1_95' title='bbox 616 1296 872 1384; x_wconf 80' lang='lat' dir='ltr'><strong>Hispaniamque</strong></span> <span class='ocrx_word' id='word_1_96' title='bbox 901 1299 1037 1364; x_wconf 87' lang='lat' dir='ltr'><strong>deflexit</strong></span> 
     </span>
     <span class='ocr_line' id='line_1_14' title="bbox 107 1380 1047 1468; baseline 0.002 -23"><span class='ocrx_word' id='word_1_97' title='bbox 107 1403 301 1467; x_wconf 86' lang='lat' dir='ltr'><strong>versumque</strong></span> <span class='ocrx_word' id='word_1_98' title='bbox 328 1381 369 1446; x_wconf 89' lang='lat' dir='ltr'><strong>ab</strong></span> <span class='ocrx_word' id='word_1_99' title='bbox 397 1401 514 1446; x_wconf 88' lang='lat' dir='ltr'><strong>occasu</strong></span> <span class='ocrx_word' id='word_1_100' title='bbox 539 1382 615 1446; x_wconf 90' lang='lat' dir='ltr'><strong>totis</strong></span> <span class='ocrx_word' id='word_1_101' title='bbox 642 1380 766 1445; x_wconf 88' lang='lat' dir='ltr'><strong>viribus</strong></span> <span class='ocrx_word' id='word_1_102' title='bbox 793 1382 828 1444; x_wconf 92' lang='lat' dir='ltr'><strong>in</strong></span> <span class='ocrx_word' id='word_1_103' title='bbox 847 1382 947 1468; x_wconf 84' lang='lat' dir='ltr'><strong>Epiro</strong></span> <span class='ocrx_word' id='word_1_104' title='bbox 970 1383 1047 1448; x_wconf 67' lang='lat' dir='ltr'><strong>Ther</strong></span> 
     </span>
    </p>

    <p class='ocr_par' dir='ltr' id='par_1_3' title="bbox 87 1464 1047 1636">
     <span class='ocr_line' id='line_1_15' title="bbox 87 1464 1047 1552; baseline 0.007 -28"><span class='ocrx_word' id='word_1_105' title='bbox 87 1464 216 1552; x_wconf 75' lang='lat' dir='ltr'><strong>.liaque</strong></span> <span class='ocrx_word' id='word_1_106' title='bbox 245 1466 406 1548; x_wconf 73' lang='lat' dir='ltr'><strong>consedit,</strong></span> <span class='ocrx_word' id='word_1_107' title='bbox 434 1465 510 1530; x_wconf 91' lang='lat' dir='ltr'><strong>hinc</strong></span> <span class='ocrx_word' id='word_1_108' title='bbox 535 1466 569 1528; x_wconf 90' lang='lat' dir='ltr'><strong>in</strong></span> <span class='ocrx_word' id='word_1_109' title='bbox 589 1467 776 1551; x_wconf 80' lang='lat' dir='ltr'><strong>Aegyptum</strong></span> <span class='ocrx_word' id='word_1_110' title='bbox 803 1466 908 1531; x_wconf 90' lang='lat' dir='ltr'><strong>subito</strong></span> <span class='ocrx_word' id='word_1_111' title='bbox 934 1469 1047 1531; x_wconf 88' lang='lat' dir='ltr'><strong>transi]</strong></span> 
     </span>
     <span class='ocr_line' id='line_1_16' title="bbox 108 1548 1046 1636; baseline 0.006 -25"><span class='ocrx_word' id='word_1_112' title='bbox 108 1548 184 1613; x_wconf 88' lang='lat' dir='ltr'><strong>inde</strong></span> <span class='ocrx_word' id='word_1_113' title='bbox 212 1551 355 1636; x_wconf 83' lang='lat' dir='ltr'><strong>respexit</strong></span> <span class='ocrx_word' id='word_1_114' title='bbox 380 1549 508 1631; x_wconf 83' lang='lat' dir='ltr'><strong>Asiam,</strong></span> <span class='ocrx_word' id='word_1_115' title='bbox 534 1549 666 1613; x_wconf 90' lang='lat' dir='ltr'><strong>Africae</strong></span> <span class='ocrx_word' id='word_1_116' title='bbox 693 1549 854 1631; x_wconf 83' lang='lat' dir='ltr'><strong>incubuit,</strong></span> <span class='ocrx_word' id='word_1_117' title='bbox 904 1559 1046 1617; x_wconf 89' lang='lat' dir='ltr'><strong>ostremo</strong></span> 
     </span>
    </p>

    <p class='ocr_par' dir='ltr' id='par_1_4' title="bbox 83 1573 1047 1972">
     <span class='ocr_line' id='line_1_17' title="bbox 83 1573 1004 1720; baseline 0.001 -23"><span class='ocrx_word' id='word_1_118' title='bbox 83 1638 99 1687; x_wconf 84' lang='grc'><strong>7</strong></span> <span class='ocrx_word' id='word_1_119' title='bbox 109 1633 301 1718; x_wconf 87' lang='lat' dir='ltr'><strong>Hispaniam</strong></span> <span class='ocrx_word' id='word_1_120' title='bbox 332 1635 499 1720; x_wconf 85' lang='lat' dir='ltr'><strong>regyravit</strong></span> <span class='ocrx_word' id='word_1_121' title='bbox 526 1641 558 1696; x_wconf 90' lang='lat' dir='ltr'><strong>et</strong></span> <span class='ocrx_word' id='word_1_122' title='bbox 588 1633 636 1697; x_wconf 93' lang='lat' dir='ltr'><strong>ibi</strong></span> <span class='ocrx_word' id='word_1_123' title='bbox 671 1632 844 1719; x_wconf 89' lang='lat' dir='ltr'><strong>aliquando</strong></span> <span class='ocrx_word' id='word_1_124' title='bbox 874 1573 1004 1699; x_wconf 76' lang='lat' dir='ltr'><strong>‹lefecit</strong></span> 
     </span>
     <span class='ocr_line' id='line_1_18' title="bbox 107 1715 1047 1805; baseline 0.004 -25"><span class='ocrx_word' id='word_1_125' title='bbox 107 1739 173 1783; x_wconf 90' lang='lat' dir='ltr'><strong>non</strong></span> <span class='ocrx_word' id='word_1_126' title='bbox 195 1727 227 1781; x_wconf 88' lang='lat' dir='ltr'><strong>et</strong></span> <span class='ocrx_word' id='word_1_127' title='bbox 248 1719 323 1783; x_wconf 91' lang='lat' dir='ltr'><strong>odia</strong></span> <span class='ocrx_word' id='word_1_128' title='bbox 343 1719 483 1804; x_wconf 89' lang='lat' dir='ltr'><strong>partium</strong></span> <span class='ocrx_word' id='word_1_129' title='bbox 498 1715 590 1780; x_wconf 87' lang='lat' dir='ltr'><strong>finita</strong></span> <span class='ocrx_word' id='word_1_130' title='bbox 612 1738 684 1780; x_wconf 91' lang='lat' dir='ltr'><strong>cum</strong></span> <span class='ocrx_word' id='word_1_131' title='bbox 703 1716 800 1781; x_wconf 85' lang='lat' dir='ltr'><strong>belle.</strong></span> <span class='ocrx_word' id='word_1_132' title='bbox 823 1740 888 1784; x_wconf 90' lang='lat' dir='ltr'><strong>non</strong></span> <span class='ocrx_word' id='word_1_133' title='bbox 911 1720 998 1782; x_wconf 89' lang='lat' dir='ltr'><strong>enim</strong></span> <span class='ocrx_word' id='word_1_134' title='bbox 1018 1743 1047 1805; x_wconf 79' lang='lat' dir='ltr'><strong>p]</strong></span> 
     </span>
     <span class='ocr_line' id='line_1_19' title="bbox 109 1800 1047 1897; baseline 0.003 -32"><span class='ocrx_word' id='word_1_135' title='bbox 109 1803 315 1888; x_wconf 85' lang='lat' dir='ltr'><strong>quieverunt,</strong></span> <span class='ocrx_word' id='word_1_136' title='bbox 344 1823 440 1888; x_wconf 92' lang='lat' dir='ltr'><strong>quam</strong></span> <span class='ocrx_word' id='word_1_137' title='bbox 461 1801 495 1862; x_wconf 91' lang='lat' dir='ltr'><strong>in</strong></span> <span class='ocrx_word' id='word_1_138' title='bbox 516 1800 588 1897; x_wconf 86' lang='lat' dir='ltr'><strong>ipsa</strong></span> <span class='ocrx_word' id='word_1_139' title='bbox 614 1800 694 1864; x_wconf 90' lang='lat' dir='ltr'><strong>urbe</strong></span> <span class='ocrx_word' id='word_1_140' title='bbox 715 1801 821 1864; x_wconf 86' lang='lat' dir='ltr'><strong>medio</strong></span> <span class='ocrx_word' id='word_1_141' title='bbox 844 1811 957 1865; x_wconf 90' lang='lat' dir='ltr'><strong>senatu</strong></span> <span class='ocrx_word' id='word_1_142' title='bbox 987 1826 1047 1868; x_wconf 88' lang='lat' dir='ltr'><strong>eor</strong></span> 
     </span>
     <span class='ocr_line' id='line_1_20' title="bbox 109 1882 1007 1972; baseline 0.002 -24"><span class='ocrx_word' id='word_1_143' title='bbox 109 1887 165 1972; x_wconf 92' lang='lat' dir='ltr'><strong>qui</strong></span> <span class='ocrx_word' id='word_1_144' title='bbox 184 1886 263 1951; x_wconf 89' lang='lat' dir='ltr'><strong>victi</strong></span> <span class='ocrx_word' id='word_1_145' title='bbox 285 1894 391 1966; x_wconf 86' lang='lat' dir='ltr'><strong>erant,</strong></span> <span class='ocrx_word' id='word_1_146' title='bbox 415 1882 489 1946; x_wconf 87' lang='lat' dir='ltr'><strong>odia</strong></span> <span class='ocrx_word' id='word_1_147' title='bbox 510 1884 642 1946; x_wconf 78' lang='lat' dir='ltr'><strong>victoris</strong></span> <span class='ocrx_word' id='word_1_148' title='bbox 665 1904 700 1947; x_wconf 88' lang='lat' dir='ltr'><strong>se</strong></span> <span class='ocrx_word' id='word_1_149' title='bbox 719 1883 818 1946; x_wconf 86' lang='lat' dir='ltr'><strong>caede</strong></span> <span class='ocrx_word' id='word_1_150' title='bbox 841 1887 1007 1950; x_wconf 72' lang='lat' dir='ltr'><strong>satiarent.</strong></span> 
     </span>
    </p>

    <p class='ocr_par' dir='ltr' id='par_1_5' title="bbox 82 1965 1048 2304">
     <span class='ocr_line' id='line_1_21' title="bbox 82 1965 1047 2047; baseline 0.003 -15"><span class='ocrx_word' id='word_1_151' title='bbox 82 1981 99 2032; x_wconf 87' lang='lat'>8</span> <span class='ocrx_word' id='word_1_152' title='bbox 193 1969 300 2034; x_wconf 85' lang='lat' dir='ltr'><strong>Causa</strong></span> <span class='ocrx_word' id='word_1_153' title='bbox 324 1975 433 2030; x_wconf 89' lang='lat' dir='ltr'><strong>tantae</strong></span> <span class='ocrx_word' id='word_1_154' title='bbox 467 1966 659 2029; x_wconf 83' lang='lat' dir='ltr'><strong>calamitatis</strong></span> <span class='ocrx_word' id='word_1_155' title='bbox 692 1965 804 2029; x_wconf 88' lang='lat' dir='ltr'><strong>eadem</strong></span> <span class='ocrx_word' id='word_1_156' title='bbox 857 1989 918 2047; x_wconf 88' lang='lat' dir='ltr'><strong>uae</strong></span> <span class='ocrx_word' id='word_1_157' title='bbox 952 1974 1047 2035; x_wconf 56' lang='lat' dir='ltr'><strong>omni*</strong></span> 
     </span>
     <span class='ocr_line' id='line_1_22' title="bbox 107 1989 1047 2136; baseline 0.003 -19"><span class='ocrx_word' id='word_1_158' title='bbox 107 2054 207 2119; x_wconf 91' lang='lat' dir='ltr'><strong>nimia</strong></span> <span class='ocrx_word' id='word_1_159' title='bbox 226 2051 376 2116; x_wconf 86' lang='lat' dir='ltr'><strong>felicitas.</strong></span> <span class='ocrx_word' id='word_1_160' title='bbox 398 2050 428 2113; x_wconf 93' lang='lat' dir='ltr'><strong>si</strong></span> <span class='ocrx_word' id='word_1_161' title='bbox 448 2050 578 2136; x_wconf 89' lang='lat' dir='ltr'><strong>quidem</strong></span> <span class='ocrx_word' id='word_1_162' title='bbox 598 2048 718 2130; x_wconf 79' lang='lat' dir='ltr'><strong>Quinto</strong></span> <span class='ocrx_word' id='word_1_163' title='bbox 739 1989 871 2115; x_wconf 76' lang='lat' dir='ltr'><strong>Metello</strong></span> <span class='ocrx_word' id='word_1_164' title='bbox 888 2051 990 2116; x_wconf 87' lang='lat' dir='ltr'><strong>Lucio</strong></span> <span class='ocrx_word' id='word_1_165' title='bbox 1010 2057 1047 2119; x_wconf 88' lang='lat' dir='ltr'><strong>A:</strong></span> 
     </span>
     <span class='ocr_line' id='line_1_23' title="bbox 107 2133 1048 2224; baseline -0.005 -22"><span class='ocrx_word' id='word_1_166' title='bbox 107 2140 161 2203; x_wconf 90' lang='lat' dir='ltr'><strong>uio</strong></span> <span class='ocrx_word' id='word_1_167' title='bbox 181 2133 366 2201; x_wconf 88' lang='lat' dir='ltr'><strong>consulibus</strong></span> <span class='ocrx_word' id='word_1_168' title='bbox 389 2155 462 2198; x_wconf 91' lang='lat' dir='ltr'><strong>oum</strong></span> <span class='ocrx_word' id='word_1_169' title='bbox 480 2133 627 2198; x_wconf 86' lang='lat' dir='ltr'><strong>Romana</strong></span> <span class='ocrx_word' id='word_1_170' title='bbox 643 2134 796 2198; x_wconf 88' lang='lat' dir='ltr'><strong>maiestas</strong></span> <span class='ocrx_word' id='word_1_171' title='bbox 815 2144 882 2200; x_wconf 90' lang='lat' dir='ltr'><strong>toto</strong></span> <span class='ocrx_word' id='word_1_172' title='bbox 905 2133 982 2199; x_wconf 88' lang='lat' dir='ltr'><strong>orbe</strong></span> <span class='ocrx_word' id='word_1_173' title='bbox 1005 2161 1048 2224; x_wconf 81' lang='lat' dir='ltr'><strong>po</strong></span> 
     </span>
     <span class='ocr_line' id='line_1_24' title="bbox 107 2219 1047 2304; baseline 0.002 -19"><span class='ocrx_word' id='word_1_174' title='bbox 107 2231 157 2285; x_wconf 89' lang='lat' dir='ltr'><strong>ret</strong></span> <span class='ocrx_word' id='word_1_175' title='bbox 176 2226 386 2304; x_wconf 87' lang='lat' dir='ltr'><strong>recentesque</strong></span> <span class='ocrx_word' id='word_1_176' title='bbox 405 2219 569 2302; x_wconf 88' lang='lat' dir='ltr'><strong>victorias,</strong></span> <span class='ocrx_word' id='word_1_177' title='bbox 592 2219 744 2284; x_wconf 88' lang='lat' dir='ltr'><strong>Ponticos</strong></span> <span class='ocrx_word' id='word_1_178' title='bbox 766 2227 797 2282; x_wconf 91' lang='lat' dir='ltr'><strong>et</strong></span> <span class='ocrx_word' id='word_1_179' title='bbox 807 2219 978 2283; x_wconf 87' lang='lat' dir='ltr'><strong>Armenios</strong></span> <span class='ocrx_word' id='word_1_180' title='bbox 994 2225 1047 2287; x_wconf 69' lang='lat' dir='ltr'><strong>trit</strong></span> 
     </span>
    </p>

    <p class='ocr_par' dir='ltr' id='par_1_6' title="bbox 65 2302 1048 3060">
     <span class='ocr_line' id='line_1_25' title="bbox 129 2302 1047 2390; baseline 0.003 -23"><span class='ocrx_word' id='word_1_181' title='bbox 129 2304 203 2383; x_wconf 87' lang='lat' dir='ltr'><strong>hos,</strong></span> <span class='ocrx_word' id='word_1_182' title='bbox 225 2303 266 2366; x_wconf 48' lang='lat' dir='ltr'><strong>&#39;in</strong></span> <span class='ocrx_word' id='word_1_183' title='bbox 287 2302 492 2390; x_wconf 87' lang='lat' dir='ltr'><strong>Pompeianis</strong></span> <span class='ocrx_word' id='word_1_184' title='bbox 518 2304 653 2369; x_wconf 87' lang='lat' dir='ltr'><strong>theatris</strong></span> <span class='ocrx_word' id='word_1_185' title='bbox 679 2303 782 2369; x_wconf 87' lang='lat' dir='ltr'><strong>Roma</strong></span> <span class='ocrx_word' id='word_1_186' title='bbox 816 2313 974 2385; x_wconf 89' lang='lat' dir='ltr'><strong>cantaret,</strong></span> <span class='ocrx_word' id='word_1_187' title='bbox 1005 2308 1047 2370; x_wconf 75' lang='lat' dir='ltr'><strong>nii</strong></span> 
     </span>
     <span class='ocr_line' id='line_1_26' title="bbox 107 2328 1047 2473; baseline 0.003 -23"><span class='ocrx_word' id='word_1_188' title='bbox 107 2328 187 2452; x_wconf 72' lang='lat' dir='ltr'><strong>l&#39;om</strong></span> <span class='ocrx_word' id='word_1_189' title='bbox 211 2387 241 2449; x_wconf 88' lang='lat' dir='ltr'><strong>ci</strong></span> <span class='ocrx_word' id='word_1_190' title='bbox 266 2389 410 2472; x_wconf 91' lang='lat' dir='ltr'><strong>potentia</strong></span> <span class='ocrx_word' id='word_1_191' title='bbox 435 2397 512 2473; x_wconf 89' lang='lat' dir='ltr'><strong>aput</strong></span> <span class='ocrx_word' id='word_1_192' title='bbox 539 2389 674 2470; x_wconf 89' lang='lat' dir='ltr'><strong>otiosos,</strong></span> <span class='ocrx_word' id='word_1_193' title='bbox 702 2396 739 2460; x_wconf 90' lang='lat' dir='ltr'><strong>ut</strong></span> <span class='ocrx_word' id='word_1_194' title='bbox 759 2387 855 2469; x_wconf 90' lang='lat' dir='ltr'><strong>solet,</strong></span> <span class='ocrx_word' id='word_1_195' title='bbox 886 2390 973 2452; x_wconf 85' lang='lat' dir='ltr'><strong>cives</strong></span> <span class='ocrx_word' id='word_1_196' title='bbox 1002 2413 1047 2456; x_wconf 79' lang='lat' dir='ltr'><strong>m&lt;</strong></span> 
     </span>
     <span class='ocr_line' id='line_1_27' title="bbox 81 2469 1047 2558; baseline -0.001 -22"><span class='ocrx_word' id='word_1_197' title='bbox 81 2469 176 2536; x_wconf 77' lang='lat' dir='ltr'><strong>tinvi</strong></span> <span class='ocrx_word' id='word_1_198' title='bbox 202 2470 274 2537; x_wconf 71' lang='lat' dir='ltr'><strong>am.</strong></span> <span class='ocrx_word' id='word_1_199' title='bbox 318 2471 469 2556; x_wconf 89' lang='lat' dir='ltr'><strong>Metellus</strong></span> <span class='ocrx_word' id='word_1_200' title='bbox 487 2471 527 2536; x_wconf 92' lang='lat' dir='ltr'><strong>ob</strong></span> <span class='ocrx_word' id='word_1_201' title='bbox 550 2473 742 2536; x_wconf 90' lang='lat' dir='ltr'><strong>inminutum</strong></span> <span class='ocrx_word' id='word_1_202' title='bbox 760 2470 876 2536; x_wconf 80' lang='lat' dir='ltr'><strong>Cretae</strong></span> <span class='ocrx_word' id='word_1_203' title='bbox 897 2472 1047 2558; x_wconf 68' lang='lat' dir='ltr'><strong>triumpha</strong></span> 
     </span>
     <span class='ocr_line' id='line_1_28' title="bbox 109 2553 1048 2641; baseline 0.003 -24"><span class='ocrx_word' id='word_1_204' title='bbox 109 2553 189 2617; x_wconf 89' lang='lat' dir='ltr'><strong>Cato</strong></span> <span class='ocrx_word' id='word_1_205' title='bbox 217 2553 373 2618; x_wconf 84' lang='lat' dir='ltr'><strong>adversus</strong></span> <span class='ocrx_word' id='word_1_206' title='bbox 399 2563 551 2640; x_wconf 88' lang='lat' dir='ltr'><strong>potentes</strong></span> <span class='ocrx_word' id='word_1_207' title='bbox 581 2577 707 2641; x_wconf 89' lang='lat' dir='ltr'><strong>semper</strong></span> <span class='ocrx_word' id='word_1_208' title='bbox 740 2553 889 2641; x_wconf 86' lang='lat' dir='ltr'><strong>obliquus</strong></span> <span class='ocrx_word' id='word_1_209' title='bbox 923 2556 1048 2620; x_wconf 86' lang='lat' dir='ltr'><strong>detrect</strong></span> 
     </span>
     <span class='ocr_line' id='line_1_29' title="bbox 106 2636 1047 2738; baseline 0.003 -37"><span class='ocrx_word' id='word_1_210' title='bbox 106 2636 259 2720; x_wconf 88' lang='lat' dir='ltr'><strong>Pompeio</strong></span> <span class='ocrx_word' id='word_1_211' title='bbox 287 2639 431 2724; x_wconf 88' lang='lat' dir='ltr'><strong>actisque</strong></span> <span class='ocrx_word' id='word_1_212' title='bbox 459 2639 528 2702; x_wconf 91' lang='lat' dir='ltr'><strong>eius</strong></span> <span class='ocrx_word' id='word_1_213' title='bbox 556 2637 752 2738; x_wconf 87' lang='lat' dir='ltr'><strong>obstrepere.</strong></span> <span class='ocrx_word' id='word_1_214' title='bbox 791 2638 854 2702; x_wconf 76' lang='lat' dir='ltr'><strong>hie</strong></span> <span class='ocrx_word' id='word_1_215' title='bbox 882 2639 973 2703; x_wconf 91' lang='lat' dir='ltr'><strong>dolor</strong></span> <span class='ocrx_word' id='word_1_216' title='bbox 1000 2648 1047 2704; x_wconf 87' lang='lat' dir='ltr'><strong>tra</strong></span> 
     </span>
     <span class='ocr_line' id='line_1_30' title="bbox 106 2721 1047 2811; baseline 0.005 -27"><span class='ocrx_word' id='word_1_217' title='bbox 106 2741 237 2784; x_wconf 88' lang='lat' dir='ltr'><strong>versum</strong></span> <span class='ocrx_word' id='word_1_218' title='bbox 255 2722 322 2805; x_wconf 88' lang='lat' dir='ltr'><strong>egit</strong></span> <span class='ocrx_word' id='word_1_219' title='bbox 344 2731 375 2785; x_wconf 92' lang='lat' dir='ltr'><strong>et</strong></span> <span class='ocrx_word' id='word_1_220' title='bbox 396 2721 438 2785; x_wconf 89' lang='lat' dir='ltr'><strong>ad</strong></span> <span class='ocrx_word' id='word_1_221' title='bbox 458 2723 621 2808; x_wconf 88' lang='lat' dir='ltr'><strong>praesidia</strong></span> <span class='ocrx_word' id='word_1_222' title='bbox 636 2722 794 2807; x_wconf 81' lang='lat' dir='ltr'><strong>dignitati</strong></span> <span class='ocrx_word' id='word_1_223' title='bbox 808 2723 953 2808; x_wconf 87' lang='lat' dir='ltr'><strong>paranda</strong></span> <span class='ocrx_word' id='word_1_224' title='bbox 973 2725 1047 2811; x_wconf 90' lang='lat' dir='ltr'><strong>inpu</strong></span> 
     </span>
     <span class='ocr_line' id='line_1_31' title="bbox 65 2804 1047 2891; baseline 0.01 -29"><span class='ocrx_word' id='word_1_225' title='bbox 65 2804 191 2879; x_wconf 75' lang='lat' dir='ltr'><strong>10forte</strong></span> <span class='ocrx_word' id='word_1_226' title='bbox 218 2813 295 2870; x_wconf 92' lang='lat' dir='ltr'><strong>tunc</strong></span> <span class='ocrx_word' id='word_1_227' title='bbox 317 2804 454 2873; x_wconf 83' lang='lat' dir='ltr'><strong>Crassus</strong></span> <span class='ocrx_word' id='word_1_228' title='bbox 481 2829 600 2891; x_wconf 83' lang='lat' dir='ltr'><strong>genere</strong></span> <span class='ocrx_word' id='word_1_229' title='bbox 628 2807 750 2871; x_wconf 85' lang='lat' dir='ltr'><strong>divitiis</strong></span> <span class='ocrx_word' id='word_1_230' title='bbox 772 2806 928 2890; x_wconf 82' lang='lat' dir='ltr'><strong>dignitate</strong></span> <span class='ocrx_word' id='word_1_231' title='bbox 955 2807 1047 2872; x_wconf 89' lang='lat' dir='ltr'><strong>florel</strong></span> 
     </span>
     <span class='ocr_line' id='line_1_32' title="bbox 105 2887 1047 2977; baseline 0.001 -22"><span class='ocrx_word' id='word_1_232' title='bbox 105 2898 142 2955; x_wconf 90' lang='lat' dir='ltr'><strong>ut</strong></span> <span class='ocrx_word' id='word_1_233' title='bbox 166 2887 267 2954; x_wconf 88' lang='lat' dir='ltr'><strong>vellet</strong></span> <span class='ocrx_word' id='word_1_234' title='bbox 285 2897 395 2954; x_wconf 85' lang='lat' dir='ltr'><strong>tamen</strong></span> <span class='ocrx_word' id='word_1_235' title='bbox 421 2891 574 2956; x_wconf 89' lang='lat' dir='ltr'><strong>auctioris</strong></span> <span class='ocrx_word' id='word_1_236' title='bbox 595 2913 688 2977; x_wconf 70' lang='lat' dir='ltr'><strong>opes,</strong></span> <span class='ocrx_word' id='word_1_237' title='bbox 718 2889 755 2955; x_wconf 93' lang='lat' dir='ltr'><strong>C.</strong></span> <span class='ocrx_word' id='word_1_238' title='bbox 781 2888 902 2955; x_wconf 88' lang='lat' dir='ltr'><strong>Caesar</strong></span> <span class='ocrx_word' id='word_1_239' title='bbox 919 2891 1047 2977; x_wconf 83' lang='lat' dir='ltr'><strong>eloquer</strong></span> 
     </span>
     <span class='ocr_line' id='line_1_33' title="bbox 107 2973 1047 3060; baseline 0.002 -22"><span class='ocrx_word' id='word_1_240' title='bbox 107 2983 139 3038; x_wconf 90' lang='lat' dir='ltr'><strong>ct</strong></span> <span class='ocrx_word' id='word_1_241' title='bbox 161 2974 291 3060; x_wconf 90' lang='lat' dir='ltr'><strong>spiritu,</strong></span> <span class='ocrx_word' id='word_1_242' title='bbox 321 2995 396 3038; x_wconf 88' lang='lat' dir='ltr'><strong>ecce</strong></span> <span class='ocrx_word' id='word_1_243' title='bbox 416 2974 481 3037; x_wconf 91' lang='lat' dir='ltr'><strong>iam</strong></span> <span class='ocrx_word' id='word_1_244' title='bbox 508 2982 539 3039; x_wconf 92' lang='lat' dir='ltr'><strong>et</strong></span> <span class='ocrx_word' id='word_1_245' title='bbox 561 2975 731 3040; x_wconf 77' lang='lat' dir='ltr'><strong>consulatu</strong></span> <span class='ocrx_word' id='word_1_246' title='bbox 752 2973 979 3055; x_wconf 80' lang='lat' dir='ltr'><strong>adlevabatur3</strong></span> <span class='ocrx_word' id='word_1_247' title='bbox 1009 2975 1047 3040; x_wconf 86' lang='lat' dir='ltr'><strong>P‹</strong></span> 
     </span>
    </p>

    <p class='ocr_par' dir='ltr' id='par_1_7' title="bbox 66 3058 1047 3312">
     <span class='ocr_line' id='line_1_34' title="bbox 66 3058 1047 3144; baseline 0.002 -22"><span class='ocrx_word' id='word_1_248' title='bbox 66 3063 93 3114; x_wconf 89' lang='lat'><strong>11</strong></span> <span class='ocrx_word' id='word_1_249' title='bbox 106 3060 198 3142; x_wconf 92' lang='lat' dir='ltr'><strong>peius</strong></span> <span class='ocrx_word' id='word_1_250' title='bbox 219 3065 327 3138; x_wconf 84' lang='lat' dir='ltr'><strong>tamen</strong></span> <span class='ocrx_word' id='word_1_251' title='bbox 347 3059 431 3123; x_wconf 88' lang='lat' dir='ltr'><strong>iuter</strong></span> <span class='ocrx_word' id='word_1_252' title='bbox 450 3067 621 3144; x_wconf 89' lang='lat' dir='ltr'><strong>utrumque</strong></span> <span class='ocrx_word' id='word_1_253' title='bbox 641 3058 810 3123; x_wconf 82' lang='lat' dir='ltr'><strong>eminebat.</strong></span> <span class='ocrx_word' id='word_1_254' title='bbox 844 3060 890 3122; x_wconf 89' lang='lat' dir='ltr'><strong>sic</strong></span> <span class='ocrx_word' id='word_1_255' title='bbox 912 3059 1047 3142; x_wconf 86' lang='lat' dir='ltr'><strong>igiturC</strong></span> 
     </span>
     <span class='ocr_line' id='line_1_35' title="bbox 108 3140 1047 3228; baseline 0.001 -24"><span class='ocrx_word' id='word_1_256' title='bbox 108 3163 179 3204; x_wconf 90' lang='lat' dir='ltr'><strong>sare</strong></span> <span class='ocrx_word' id='word_1_257' title='bbox 206 3141 395 3227; x_wconf 84' lang='lat' dir='ltr'><strong>dignitatem</strong></span> <span class='ocrx_word' id='word_1_258' title='bbox 422 3163 613 3228; x_wconf 89' lang='lat' dir='ltr'><strong>conparare,</strong></span> <span class='ocrx_word' id='word_1_259' title='bbox 644 3140 761 3206; x_wconf 89' lang='lat' dir='ltr'><strong>Crasso</strong></span> <span class='ocrx_word' id='word_1_260' title='bbox 784 3164 918 3226; x_wconf 86' lang='lat' dir='ltr'><strong>augere,</strong></span> <span class='ocrx_word' id='word_1_261' title='bbox 947 3142 1047 3228; x_wconf 87' lang='lat' dir='ltr'><strong>Pomp</strong></span> 
     </span>
     <span class='ocr_line' id='line_1_36' title="bbox 106 3225 1026 3312; baseline 0.005 -26"><span class='ocrx_word' id='word_1_262' title='bbox 106 3226 247 3299; x_wconf 86' lang='lat' dir='ltr'><strong>retinere</strong></span> <span class='ocrx_word' id='word_1_263' title='bbox 268 3225 469 3311; x_wconf 90' lang='lat' dir='ltr'><strong>cupientibus</strong></span> <span class='ocrx_word' id='word_1_264' title='bbox 490 3225 701 3311; x_wconf 89' lang='lat' dir='ltr'><strong>omnibusque</strong></span> <span class='ocrx_word' id='word_1_265' title='bbox 722 3228 843 3312; x_wconf 87' lang='lat' dir='ltr'><strong>pariter</strong></span> <span class='ocrx_word' id='word_1_266' title='bbox 862 3227 1026 3311; x_wconf 89' lang='lat' dir='ltr'><strong>potentiae</strong></span> 
     </span>
    </p>

    <p class='ocr_par' dir='ltr' id='par_1_8' title="bbox 66 3307 1047 3563">
     <span class='ocr_line' id='line_1_37' title="bbox 66 3307 1047 3395; baseline 0.005 -26"><span class='ocrx_word' id='word_1_267' title='bbox 66 3307 192 3393; x_wconf 70' lang='lat' dir='ltr'><strong>lapidis</strong></span> <span class='ocrx_word' id='word_1_268' title='bbox 214 3308 255 3371; x_wconf 88' lang='lat' dir='ltr'><strong>de</strong></span> <span class='ocrx_word' id='word_1_269' title='bbox 280 3308 465 3373; x_wconf 82' lang='lat' dir='ltr'><strong>invadenda</strong></span> <span class='ocrx_word' id='word_1_270' title='bbox 489 3309 677 3395; x_wconf 85' lang='lat' dir='ltr'><strong>republica</strong></span> <span class='ocrx_word' id='word_1_271' title='bbox 703 3309 799 3374; x_wconf 87' lang='lat' dir='ltr'><strong>facile</strong></span> <span class='ocrx_word' id='word_1_272' title='bbox 818 3311 977 3373; x_wconf 84' lang='lat' dir='ltr'><strong>convenit.</strong></span> <span class='ocrx_word' id='word_1_273' title='bbox 1024 3333 1047 3374; x_wconf 75' lang='lat' dir='ltr'><strong>ei</strong></span> 
     </span>
     <span class='ocr_line' id='line_1_38' title="bbox 107 3392 1046 3480; baseline 0.004 -27"><span class='ocrx_word' id='word_1_274' title='bbox 107 3413 180 3454; x_wconf 88' lang='lat' dir='ltr'><strong>cum</strong></span> <span class='ocrx_word' id='word_1_275' title='bbox 206 3392 325 3456; x_wconf 88' lang='lat' dir='ltr'><strong>mutuis</strong></span> <span class='ocrx_word' id='word_1_276' title='bbox 352 3393 476 3458; x_wconf 84' lang='lat' dir='ltr'><strong>viribus</strong></span> <span class='ocrx_word' id='word_1_277' title='bbox 503 3395 538 3457; x_wconf 94' lang='lat' dir='ltr'><strong>in</strong></span> <span class='ocrx_word' id='word_1_278' title='bbox 564 3415 658 3456; x_wconf 92' lang='lat' dir='ltr'><strong>suum</strong></span> <span class='ocrx_word' id='word_1_279' title='bbox 679 3396 813 3480; x_wconf 91' lang='lat' dir='ltr'><strong>quisque</strong></span> <span class='ocrx_word' id='word_1_280' title='bbox 842 3393 939 3457; x_wconf 88' lang='lat' dir='ltr'><strong>decus</strong></span> <span class='ocrx_word' id='word_1_281' title='bbox 960 3394 1046 3457; x_wconf 87' lang='lat' dir='ltr'><strong>niter</strong></span> 
     </span>
     <span class='ocr_line' id='line_1_39' title="bbox 106 3473 1047 3563; baseline 0.003 -24"><span class='ocrx_word' id='word_1_282' title='bbox 106 3485 172 3559; x_wconf 87' lang='lat' dir='ltr'><strong>tur,</strong></span> <span class='ocrx_word' id='word_1_283' title='bbox 195 3473 335 3541; x_wconf 90' lang='lat' dir='ltr'><strong>Galliam</strong></span> <span class='ocrx_word' id='word_1_284' title='bbox 356 3475 477 3542; x_wconf 87' lang='lat' dir='ltr'><strong>Caesar</strong></span> <span class='ocrx_word' id='word_1_285' title='bbox 498 3476 638 3561; x_wconf 85' lang='lat' dir='ltr'><strong>invadit,</strong></span> <span class='ocrx_word' id='word_1_286' title='bbox 662 3476 798 3542; x_wconf 87' lang='lat' dir='ltr'><strong>Crassus</strong></span> <span class='ocrx_word' id='word_1_287' title='bbox 812 3477 940 3559; x_wconf 87' lang='lat' dir='ltr'><strong>Asiam,</strong></span> <span class='ocrx_word' id='word_1_288' title='bbox 963 3477 1047 3563; x_wconf 66' lang='lat' dir='ltr'><strong>Pom]</strong></span> 
     </span>
    </p>
   </div>
   <div class='ocr_carea' id='block_1_3' title="bbox 0 0 1182 3818">
    <p class='ocr_par' dir='ltr' id='par_1_9' title="bbox 0 0 1182 3818">
     <span class='ocr_line' id='line_1_40' title="bbox 0 0 1182 3818; baseline 0 0"><span class='ocrx_word' id='word_1_289' title='bbox 0 0 1182 3818; x_wconf 95' lang='lat' dir='ltr'><strong> </strong></span> 
     </span>
    </p>
   </div>
  </div>
 </body>
</html>
