2356 3818
456 214 657 302 1,18[11‚2].
745 306 751 315 ,
1012 220 1052 282 25

25 466 28 470 Ι
54 395 137 468 tum,
155 382 309 470 inquam,
328 383 393 447 nisi
406 384 581 469 paruisset,
602 384 707 447 securi
718 381 923 449 destrictaim
946 393 1052 449 erator

55 478 148 534 metu
158 468 269 533 mortis
281 466 457 551 navigandi
468 466 545 530 fecit
558 466 734 530 audaciam.
757 489 834 533 mox
845 407 962 532 deinde
973 490 1050 533 ven·
1064 471 1095 522 18

54 555 99 617 tis
111 552 271 636 remisque
281 558 487 648 properatum
498 558 561 630 est,
572 558 744 635 tantusque
754 558 858 617 terror
868 551 984 616 hostici
996 553 1050 615 ad·

57 644 176 700 ventus
189 633 307 697 Poems
325 633 402 714 fuit,
421 642 487 696 uta
510 635 698 717 ertispaene
733 635 812 698 ortis
825 634 987 719 Carthago
1000 657 1050 698 ca-

30 724 204 805 speretur.
216 717 415 862 ppooemium
425 654 507 780 belli
515 716 576 779 luit
588 717 701 780 civitas
710 655 839 800 hlipea3
851 719 954 802 prima
966 720 1052 782 enim
1062 721 1094 774 19

56 823 78 866 a
88 801 212 864 Punico
238 800 245 814 ’
262 821 317 863 ore
329 800 421 885 quasi
433 821 493 862 arx
504 807 536 862 et
552 799 683 883 specula
693 802 863 885 procurrit.
888 801 1009 865 ethaeo
1021 810 1052 865 et

55 891 202 949 trecenta
212 881 348 967 amplius
366 881 499 946 castella
510 889 636 946 vastata
654 891 737 946 sunt.
759 904 819 946 nec
831 905 904 948 cum
918 884 1051 949 homini·
1061 894 1095 946 20

55 968 135 1049 bus,
148 965 207 1030 sed
218 986 291 1029 cum
301 966 453 1030 monstris
465 986 591 1051 quoque
603 965 789 1030 dimicatum
800 976 863 1048 cst,
876 989 948 1031 cum
959 968 1052 1053 quasi

56 1052 92 1114 in
108 1048 285 1115 vindictam
302 1049 435 1112 Africae
452 1058 528 1111 nata
544 1050 644 1111 mirae
663 1051 895 1134 magnitudinis
920 1072 1051 1135 serpens

23 1163 49 1203 1o
58 1134 167 1219 posita
182 1142 260 1217 aput
270 1132 454 1216 Bagradam
465 1141 571 1195 castra
580 1135 759 1196 vexaverit.
789 1144 837 1197 set
849 1136 990 1198 omnium
1004 1135 1051 1197 vi'-
1062 1132 1092 1183 21

58 1225 129 1281 ctor
139 1214 284 1309 Regulus
296 1233 369 1278 cum
381 1223 536 1280 terrorem
547 1216 685 1279 nominis
700 1218 752 1279 sui
766 1216 830 1280 late
843 1217 1052 1281 circumtulis-

59 1309 108 1363 set
124 1320 260 1384 cumque
275 1319 426 1383 magnam
444 1301 512 1363 vim
530 1300 707 1363 iuventutis
724 1299 886 1387 ducesque
897 1302 986 1384 ipsos
998 1308 1053 1363 aut

57 1382 230 1447 cecidisset
246 1391 302 1445 aut
318 1380 452 1446 haberet
473 1383 508 1444 in
526 1381 680 1463 vinculis,
706 1383 906 1469 classemque
928 1385 1054 1467 ingenti

56 1464 179 1552 praeda
197 1473 344 1529 onustam
360 1473 392 1528 et
409 1463 571 1549 triumpho
591 1486 726 1546 gravem
743 1468 778 1529 in
787 1465 901 1530 urbem
940 1467 1052 1529 raami-

24 1571 48 1614 1⁵
57 1551 168 1628 sisset,
185 1549 250 1611 iam
260 1550 365 1633 ipsam
376 1556 471 1632 caput
488 1547 567 1611 belli
580 1547 808 1632 Carthaginem
825 1570 927 1632 urgue
952 1559 984 1612 at
996 1549 1049 1613 ob-

56 1632 141 1697 sidio
155 1632 298 1718 ipsisque
313 1633 414 1715 portis
432 1630 629 1694 inhaerebat.
658 1630 711 1707 hic
730 1631 896 1715 paululum
917 1633 1093 1694 circum-22

56 1723 129 1780 acta
139 1714 269 1778 fortuna
280 1723 338 1795 est,
349 1722 474 1778 tantum
484 1722 520 1777 ut
530 1713 624 1798 plura
632 1715 909 1779 essentRomanae
921 1715 1051 1779 virtutis

55 1798 206 1882 insignia,
218 1799 308 1861 cuius
320 1797 389 1861 fere
399 1797 585 1882 magnitudo
595 1796 829 1862 calamitatibus
843 1796 1049 1882 adprobatur.

54 1902 132 1945 nam
148 1882 313 1946 conversis
337 1882 380 1945 ad
395 1890 529 1946 externa
546 1880 667 1953 auxilia
683 1880 847 1962 hostibus,
872 1902 945 1944 cum
961 1881 1050 1945 Xan·
1060 1889 1094 1941 23

25 1965 203 2050 rothippum
212 1963 277 2028 illis
290 1964 632 2029 ducemLacedaemon
640 1967 790 2046 misisset,
803 1987 822 2027 a
833 1966 904 2029 viro
916 1965 1051 2028 militiae

54 2048 250 2133 peritissimo
266 2049 425 2111 vincimur
441 2048 537 2113 foeda
554 2047 645 2111 clade
655 2048 873 2147 Romanisque
888 2070 951 2112 usu
965 2049 1051 2113 inco·

55 2131 163 2216 gnita:
178 2132 275 2194 vivus
286 2133 322 2193 in
331 2152 445 2194 manus
456 2131 597 2195 hostium
608 2133 698 2195 venit
709 2131 904 2195 fortissimus
915 2133 1051 2216 impera·

18 2282 24 2299 ,
55 2224 116 2278 tor.
147 2212 206 2277 sed
222 2212 277 2276 ille
289 2212 420 2299 quidem
433 2234 492 2296 par
503 2221 611 2276 tantae
626 2213 799 2277 calamitati
812 2214 888 2296 fuit3
905 2235 981 2277 nam
991 2236 1053 2277 nec

56 2296 181 2363 Punico
204 2317 333 2358 carcere
361 2295 518 2358 infractus
544 2303 593 2357 est
617 2316 677 2358 nec
700 2294 861 2379 legatione
888 2305 1049 2381 suscepta.

24 2402 49 2446 a
77 2381 177 2465 uippe
190 2378 320 2442 diversa
337 2400 432 2465 quam
447 2372 550 2442 hostis
559 2377 769 2442 mandaverat
781 2379 915 2461 censuit,
932 2401 973 2443 ne
984 2401 1050 2464 pax
1059 2396 1093 2446 24

56 2402 158 2543 heret,
180 2483 221 2524 ne
238 2463 442 2526 commutatio
460 2463 660 2545 captivorum
678 2464 893 2547 reciperetur..
919 2463 977 2527 scd
990 2477 1094 2528 necat

55 2545 113 2610 illo
126 2546 307 2610 voluntario
323 2546 366 2609 ad
376 2544 478 2610 hostis
490 2566 565 2610 suos
581 2545 687 2609 reditu
703 2568 763 2609 nec
776 2547 894 2612 ultimo·
903 2548 971 2611 sive
985 2569 1052 2611 car-

57 2629 142 2693 ceris
153 2650 210 2692 seu
222 2629 326 2692 crucis
343 2650 381 2692 su
403 2627 500 2712 plicio
518 2628 697 2693 deformata
707 2631 874 2712 maiestas5
893 2632 989 2711 immo
1001 2630 1052 2694 his

58 2711 207 2776 omnibus
220 2711 374 2775 admirab‘
389 2713 439 2775 ior
476 2712 534 2775 uid
544 2712 634 2776 aliud
649 2735 745 2798 quam
755 2715 859 2778 victor
871 2714 911 2777 de
922 2714 1052 2778 victori·

26 2793 119 2858 obus
131 2803 164 2857 at
185 2796 342 2876 ucetiam,
360 2796 436 2881 quia
447 2735 608 2879 danhago
627 2818 691 2860 non
703 2805 852 2877 cesserat,
871 2797 911 2860 dc
923 2796 1052 2860 fortuna
1074 2786 1089 2809 “

56 2878 176 2962 triump
200 2878 288 2941 avit?
306 2878 444 2963 populus
461 2886 568 2941 autem
586 2878 750 2942 Romanus
767 2879 867 2943 multo
885 2881 989 2942 acrior
1004 2879 1050 2941 in-
1060 2876 1094 2928 26

56 2962 239 3047 tantiorquc
249 2983 307 3045 pro
318 2961 440 3026 ultione
450 2961 498 3024 Re
544 2961 676 3060 liquam
708 2962 974 3027 rovictoriafuit.

141 3043 272 3108 Metello
289 3046 301 3107 i
324 3045 388 3108 itur
402 2983 544 3109 consule¹¹
550 2985 745 3130 spirantibus
766 3047 861 3109 altius
880 3044 998 3107 Poenis
1017 3054 1049 3108 et
1060 3051 1092 3100 27

41 3188 44 3194 .
57 3138 189 3191 reverso
201 3127 235 3189 in
247 3067 389 3191 Sicdiam
400 3127 494 3210 bello,
506 3136 584 3212 aput
594 3127 811 3192 Panhormum
822 3130 868 3191 sic
879 3127 988 3190 hostes
1000 3149 1050 3192 cc·

26 3210 148 3290 ocidit,
162 3231 203 3272 ne
214 3209 350 3295 amplius
363 3231 433 3274 eam
441 3211 581 3275 insulam
592 3212 727 3296 adgredi
738 3212 924 3294 cogitarent.
955 3232 1048 3296 argu-
1058 3221 1091 3272 28

57 3303 202 3357 mentum
216 3293 357 3377 ingentis
368 3294 522 3358 victoriae
533 3304 661 3358 centum
673 3293 799 3360 circiter
810 3292 1051 3377 elephantorum

58 3377 246 3460 captivitas,
271 3378 317 3439 sic
336 3397 461 3476 quoque
478 3398 596 3461 magna
611 3376 756 3462 praeda·
767 3376 795 3439 si
811 3398 943 3463 gregem
959 3377 1050 3461 illum

58 3480 125 3525 non
136 3458 232 3542 bello,
245 3459 303 3524 sed
313 3469 484 3525 venatione
496 3462 645 3557 cepisset.
1150 3470 1157 3477 ‘
