<?xml version="1.0" encoding="UTF-8"?>
<!DOCTYPE html PUBLIC "-//W3C//DTD XHTML 1.0 Transitional//EN"
    "http://www.w3.org/TR/xhtml1/DTD/xhtml1-transitional.dtd">
<html xmlns="http://www.w3.org/1999/xhtml" xml:lang="en" lang="en">
 <head>
  <title>
</title>
<meta http-equiv="Content-Type" content="text/html;charset=utf-8" />
  <meta name='ocr-system' content='tesseract 3.04.00' />
  <meta name='ocr-capabilities' content='ocr_page ocr_carea ocr_par ocr_line ocrx_word'/>
</head>
<body>
  <div class='ocr_page' id='page_1' title='image "./iulifloriepitom00halmgoog_0059.png"; bbox 0 0 2356 3818; ppageno 0'>
   <div class='ocr_carea' id='block_1_1' title="bbox 124 209 826 275">
    <p class='ocr_par' dir='ltr' id='par_1_1' title="bbox 124 209 826 275">
     <span class='ocr_line' id='line_1_1' title="bbox 124 209 826 275; baseline 0.006 -4"><span class='ocrx_word' id='word_1_1' title='bbox 124 209 165 272; x_wconf 80' lang='lat'><strong>32</strong></span> <span class='ocrx_word' id='word_1_2' title='bbox 473 222 754 271; x_wconf 74' lang='lat' dir='ltr'><strong>suomnrrroua.</strong></span> <span class='ocrx_word' id='word_1_3' title='bbox 823 268 826 275; x_wconf 93' lang='grc'><em>,</em></span> 
     </span>
    </p>
   </div>
   <div class='ocr_carea' id='block_1_2' title="bbox 25 372 1134 3558">
    <p class='ocr_par' dir='ltr' id='par_1_2' title="bbox 25 372 1134 3558">
     <span class='ocr_line' id='line_1_2' title="bbox 125 372 1125 453; baseline 0.002 -14"><span class='ocrx_word' id='word_1_4' title='bbox 125 374 331 439; x_wconf 89' lang='lat' dir='ltr'><strong>seminarium</strong></span> <span class='ocrx_word' id='word_1_5' title='bbox 348 372 475 437; x_wconf 91' lang='lat' dir='ltr'><strong>hostilis</strong></span> <span class='ocrx_word' id='word_1_6' title='bbox 493 373 663 453; x_wconf 84' lang='lat' dir='ltr'><strong>exercitus,</strong></span> <span class='ocrx_word' id='word_1_7' title='bbox 680 372 770 437; x_wconf 89' lang='lat' dir='ltr'><strong>illam</strong></span> <span class='ocrx_word' id='word_1_8' title='bbox 780 372 954 437; x_wconf 82' lang='lat' dir='ltr'><strong>Annibalis</strong></span> <span class='ocrx_word' id='word_1_9' title='bbox 974 376 1125 440; x_wconf 88' lang='lat' dir='ltr'><strong>eruditri·</strong></span> 
     </span>
     <span class='ocr_line' id='line_1_3' title="bbox 124 455 1124 543; baseline 0.003 -22"><span class='ocrx_word' id='word_1_10' title='bbox 124 462 195 521; x_wconf 81' lang='lat' dir='ltr'><strong>cem</strong></span> <span class='ocrx_word' id='word_1_11' title='bbox 204 493 247 507; x_wconf 80' lang='lat'><strong>—-</strong></span> <span class='ocrx_word' id='word_1_12' title='bbox 262 456 453 521; x_wconf 79' lang='lat' dir='ltr'><strong>incredibile</strong></span> <span class='ocrx_word' id='word_1_13' title='bbox 465 458 554 521; x_wconf 90' lang='lat' dir='ltr'><strong>dictu</strong></span> <span class='ocrx_word' id='word_1_14' title='bbox 563 492 605 505; x_wconf 86' lang='lat'><strong>—-</strong></span> <span class='ocrx_word' id='word_1_15' title='bbox 622 463 723 519; x_wconf 86' lang='lat' dir='ltr'><strong>totam</strong></span> <span class='ocrx_word' id='word_1_16' title='bbox 733 477 753 518; x_wconf 90' lang='lat' dir='ltr'><strong>a</strong></span> <span class='ocrx_word' id='word_1_17' title='bbox 765 455 944 543; x_wconf 79' lang='lat' dir='ltr'><strong>Pyrenaeis</strong></span> <span class='ocrx_word' id='word_1_18' title='bbox 956 460 1124 524; x_wconf 90' lang='lat' dir='ltr'><strong>montibus</strong></span> 
     </span>
     <span class='ocr_line' id='line_1_4' title="bbox 123 535 1124 625; baseline 0.002 -20"><span class='ocrx_word' id='word_1_19' title='bbox 123 543 158 606; x_wconf 93' lang='lat' dir='ltr'><strong>in</strong></span> <span class='ocrx_word' id='word_1_20' title='bbox 177 538 329 613; x_wconf 86' lang='lat' dir='ltr'><strong>Herculis</strong></span> <span class='ocrx_word' id='word_1_21' title='bbox 347 540 510 604; x_wconf 88' lang='lat' dir='ltr'><strong>columnas</strong></span> <span class='ocrx_word' id='word_1_22' title='bbox 529 546 561 602; x_wconf 89' lang='lat' dir='ltr'><strong>et</strong></span> <span class='ocrx_word' id='word_1_23' title='bbox 578 535 744 603; x_wconf 75' lang='lat' dir='ltr'>Oceanum</span> <span class='ocrx_word' id='word_1_24' title='bbox 759 541 975 625; x_wconf 87' lang='lat' dir='ltr'><strong>recuperavit,</strong></span> <span class='ocrx_word' id='word_1_25' title='bbox 995 546 1124 607; x_wconf 88' lang='lat' dir='ltr'><strong>nescias</strong></span> 
     </span>
     <span class='ocr_line' id='line_1_5' title="bbox 79 619 1125 710; baseline 0.003 -22"><span class='ocrx_word' id='word_1_26' title='bbox 79 643 113 696; x_wconf 75' lang='lat' dir='ltr'><strong>ao</strong></span> <span class='ocrx_word' id='word_1_27' title='bbox 123 625 218 689; x_wconf 90' lang='lat' dir='ltr'><strong>citius</strong></span> <span class='ocrx_word' id='word_1_28' title='bbox 229 645 272 687; x_wconf 92' lang='lat' dir='ltr'><strong>an</strong></span> <span class='ocrx_word' id='word_1_29' title='bbox 282 623 419 687; x_wconf 87' lang='lat' dir='ltr'><strong>felicius.</strong></span> <span class='ocrx_word' id='word_1_30' title='bbox 434 645 528 709; x_wconf 90' lang='lat' dir='ltr'><strong>quam</strong></span> <span class='ocrx_word' id='word_1_31' title='bbox 540 619 703 703; x_wconf 87' lang='lat' dir='ltr'><strong>velociter,</strong></span> <span class='ocrx_word' id='word_1_32' title='bbox 716 631 865 708; x_wconf 88' lang='lat' dir='ltr'><strong>quattuor</strong></span> <span class='ocrx_word' id='word_1_33' title='bbox 877 625 953 686; x_wconf 90' lang='lat' dir='ltr'><strong>anni</strong></span> <span class='ocrx_word' id='word_1_34' title='bbox 964 624 1125 710; x_wconf 76' lang='lat' dir='ltr'><strong>fatentur,</strong></span> 
     </span>
     <span class='ocr_line' id='line_1_6' title="bbox 112 705 1134 809; baseline -0.001 -38"><span class='ocrx_word' id='word_1_35' title='bbox 112 733 119 750; x_wconf 89' lang='lat'><strong>·</strong></span> <span class='ocrx_word' id='word_1_36' title='bbox 145 730 220 771; x_wconf 91' lang='lat' dir='ltr'><strong>uam</strong></span> <span class='ocrx_word' id='word_1_37' title='bbox 236 707 342 790; x_wconf 85' lang='lat' dir='ltr'><strong>facile,</strong></span> <span class='ocrx_word' id='word_1_38' title='bbox 360 707 414 770; x_wconf 88' lang='lat' dir='ltr'><strong>vel</strong></span> <span class='ocrx_word' id='word_1_39' title='bbox 429 705 625 770; x_wconf 83' lang='lat' dir='ltr'><strong>unacivitas</strong></span> <span class='ocrx_word' id='word_1_40' title='bbox 637 705 763 790; x_wconf 86' lang='lat' dir='ltr'><strong>probat.</strong></span> <span class='ocrx_word' id='word_1_41' title='bbox 792 705 906 770; x_wconf 85' lang='lat' dir='ltr'><strong>eodem</strong></span> <span class='ocrx_word' id='word_1_42' title='bbox 922 709 1047 794; x_wconf 88' lang='lat' dir='ltr'><strong>quippe</strong></span> <span class='ocrx_word' id='word_1_43' title='bbox 1064 732 1134 809; x_wconf 70' lang='lat' dir='ltr'><strong>quot</strong></span> 
     </span>
     <span class='ocr_line' id='line_1_7' title="bbox 123 789 1124 875; baseline 0.001 -19"><span class='ocrx_word' id='word_1_44' title='bbox 123 813 142 856; x_wconf 93' lang='lat' dir='ltr'><strong>o</strong></span> <span class='ocrx_word' id='word_1_45' title='bbox 168 812 258 854; x_wconf 88' lang='lat' dir='ltr'><strong>sessa</strong></span> <span class='ocrx_word' id='word_1_46' title='bbox 275 799 324 860; x_wconf 86' lang='lat' dir='ltr'><strong>est</strong></span> <span class='ocrx_word' id='word_1_47' title='bbox 340 791 393 856; x_wconf 88' lang='lat' dir='ltr'><strong>die</strong></span> <span class='ocrx_word' id='word_1_48' title='bbox 411 811 450 852; x_wconf 91' lang='lat' dir='ltr'><strong>ca</strong></span> <span class='ocrx_word' id='word_1_49' title='bbox 471 798 505 853; x_wconf 88' lang='lat' dir='ltr'><strong>ta</strong></span> <span class='ocrx_word' id='word_1_50' title='bbox 524 797 583 869; x_wconf 84' lang='lat' dir='ltr'><strong>cst,</strong></span> <span class='ocrx_word' id='word_1_51' title='bbox 600 809 757 875; x_wconf 88' lang='lat' dir='ltr'><strong>omenque</strong></span> <span class='ocrx_word' id='word_1_52' title='bbox 773 789 949 854; x_wconf 84' lang='lat' dir='ltr'><strong>Africanae</strong></span> <span class='ocrx_word' id='word_1_53' title='bbox 965 794 1124 859; x_wconf 82' lang='lat' dir='ltr'><strong>victoriae</strong></span> 
     </span>
     <span class='ocr_line' id='line_1_8' title="bbox 84 812 1123 961; baseline 0.006 -25"><span class='ocrx_word' id='word_1_54' title='bbox 84 875 197 958; x_wconf 68' lang='lat' dir='ltr'><strong>aufuit,</strong></span> <span class='ocrx_word' id='word_1_55' title='bbox 212 875 299 961; x_wconf 92' lang='lat' dir='ltr'><strong>quod</strong></span> <span class='ocrx_word' id='word_1_56' title='bbox 310 884 376 938; x_wconf 90' lang='lat' dir='ltr'><strong>tam</strong></span> <span class='ocrx_word' id='word_1_57' title='bbox 394 812 489 937; x_wconf 69' lang='lat' dir='ltr'><strong>facile</strong></span> <span class='ocrx_word' id='word_1_58' title='bbox 501 873 588 938; x_wconf 83' lang='lat' dir='ltr'><strong>victa</strong></span> <span class='ocrx_word' id='word_1_59' title='bbox 599 881 648 936; x_wconf 92' lang='lat' dir='ltr'><strong>est</strong></span> <span class='ocrx_word' id='word_1_60' title='bbox 659 872 838 958; x_wconf 80' lang='lat' dir='ltr'><strong>Hispaniae</strong></span> <span class='ocrx_word' id='word_1_61' title='bbox 853 873 1029 958; x_wconf 80' lang='lat' dir='ltr'><strong>Carthago.</strong></span> <span class='ocrx_word' id='word_1_62' title='bbox 1059 899 1123 942; x_wconf 89' lang='lat' dir='ltr'><strong>cer-</strong></span> 
     </span>
     <span class='ocr_line' id='line_1_9' title="bbox 122 955 1124 1046; baseline 0.003 -24"><span class='ocrx_word' id='word_1_63' title='bbox 122 969 191 1023; x_wconf 89' lang='lat' dir='ltr'><strong>tum</strong></span> <span class='ocrx_word' id='word_1_64' title='bbox 202 966 369 1022; x_wconf 88' lang='lat' dir='ltr'><strong>esttamen</strong></span> <span class='ocrx_word' id='word_1_65' title='bbox 384 957 427 1020; x_wconf 91' lang='lat' dir='ltr'><strong>ad</strong></span> <span class='ocrx_word' id='word_1_66' title='bbox 437 955 673 1042; x_wconf 82' lang='lat' dir='ltr'><strong>profligandam</strong></span> <span class='ocrx_word' id='word_1_67' title='bbox 686 957 888 1042; x_wconf 85' lang='lat' dir='ltr'><strong>provinciam</strong></span> <span class='ocrx_word' id='word_1_68' title='bbox 898 960 1043 1024; x_wconf 83' lang='lat' dir='ltr'><strong>maxime</strong></span> <span class='ocrx_word' id='word_1_69' title='bbox 1053 982 1124 1046; x_wconf 87' lang='lat' dir='ltr'><strong>pro-</strong></span> 
     </span>
     <span class='ocr_line' id='line_1_10' title="bbox 122 1039 1124 1140; baseline 0.001 -34"><span class='ocrx_word' id='word_1_70' title='bbox 122 1043 241 1107; x_wconf 85' lang='lat' dir='ltr'><strong>fecisse</strong></span> <span class='ocrx_word' id='word_1_71' title='bbox 261 1039 458 1124; x_wconf 80' lang='lat' dir='ltr'><strong>singularem</strong></span> <span class='ocrx_word' id='word_1_72' title='bbox 476 1041 566 1104; x_wconf 91' lang='lat' dir='ltr'><strong>ducis</strong></span> <span class='ocrx_word' id='word_1_73' title='bbox 585 1040 796 1122; x_wconf 78' lang='lat' dir='ltr'><strong>sanctitatem,</strong></span> <span class='ocrx_word' id='word_1_74' title='bbox 815 1042 891 1140; x_wconf 72' lang='lat' dir='ltr'><strong>quip</strong></span> <span class='ocrx_word' id='word_1_75' title='bbox 916 1043 1005 1126; x_wconf 90' lang='lat' dir='ltr'><strong>equi</strong></span> <span class='ocrx_word' id='word_1_76' title='bbox 1025 1046 1124 1129; x_wconf 91' lang='lat' dir='ltr'><strong>capti-</strong></span> 
     </span>
     <span class='ocr_line' id='line_1_11' title="bbox 122 1063 1134 1222; baseline 0.001 -31"><span class='ocrx_word' id='word_1_77' title='bbox 122 1147 181 1191; x_wconf 86' lang='lat' dir='ltr'><strong>vos</strong></span> <span class='ocrx_word' id='word_1_78' title='bbox 193 1145 309 1222; x_wconf 86' lang='lat' dir='ltr'><strong>pueros</strong></span> <span class='ocrx_word' id='word_1_79' title='bbox 320 1124 508 1214; x_wconf 87' lang='lat' dir='ltr'><strong>puellasque</strong></span> <span class='ocrx_word' id='word_1_80' title='bbox 518 1125 709 1210; x_wconf 86' lang='lat' dir='ltr'><strong>praecipuae</strong></span> <span class='ocrx_word' id='word_1_81' title='bbox 715 1063 962 1210; x_wconf 76' lang='lat' dir='ltr'><strong>pulchntudlnis</strong></span> <span class='ocrx_word' id='word_1_82' title='bbox 973 1125 1134 1192; x_wconf 78' lang='lat' dir='ltr'><strong>barbaris:</strong></span> 
     </span>
     <span class='ocr_line' id='line_1_12' title="bbox 122 1207 1123 1294; baseline 0.003 -21"><span class='ocrx_word' id='word_1_83' title='bbox 122 1215 318 1288; x_wconf 80' lang='lat' dir='ltr'><strong>restitueret,</strong></span> <span class='ocrx_word' id='word_1_84' title='bbox 336 1229 378 1270; x_wconf 92' lang='lat' dir='ltr'><strong>ne</strong></span> <span class='ocrx_word' id='word_1_85' title='bbox 396 1209 431 1271; x_wconf 95' lang='lat' dir='ltr'><strong>in</strong></span> <span class='ocrx_word' id='word_1_86' title='bbox 448 1216 656 1293; x_wconf 91' lang='lat' dir='ltr'><strong>conspectum</strong></span> <span class='ocrx_word' id='word_1_87' title='bbox 673 1229 767 1272; x_wconf 90' lang='lat' dir='ltr'><strong>suum</strong></span> <span class='ocrx_word' id='word_1_88' title='bbox 785 1207 915 1294; x_wconf 88' lang='lat' dir='ltr'><strong>quidem</strong></span> <span class='ocrx_word' id='word_1_89' title='bbox 932 1230 1051 1294; x_wconf 85' lang='lat' dir='ltr'><strong>passus</strong></span> <span class='ocrx_word' id='word_1_90' title='bbox 1071 1212 1123 1276; x_wconf 92' lang='lat' dir='ltr'><strong>ad·</strong></span> 
     </span>
     <span class='ocr_line' id='line_1_13' title="bbox 124 1290 1124 1379; baseline 0.005 -24"><span class='ocrx_word' id='word_1_91' title='bbox 124 1291 209 1371; x_wconf 91' lang='lat' dir='ltr'><strong>duci,</strong></span> <span class='ocrx_word' id='word_1_92' title='bbox 222 1311 263 1352; x_wconf 90' lang='lat' dir='ltr'><strong>ne</strong></span> <span class='ocrx_word' id='word_1_93' title='bbox 296 1291 353 1354; x_wconf 93' lang='lat' dir='ltr'><strong>uid</strong></span> <span class='ocrx_word' id='word_1_94' title='bbox 371 1290 411 1355; x_wconf 90' lang='lat' dir='ltr'><strong>de</strong></span> <span class='ocrx_word' id='word_1_95' title='bbox 428 1292 625 1379; x_wconf 84' lang='lat' dir='ltr'><strong>virginitatis</strong></span> <span class='ocrx_word' id='word_1_96' title='bbox 637 1292 823 1376; x_wconf 81' lang='lat' dir='ltr'><strong>integritate</strong></span> <span class='ocrx_word' id='word_1_97' title='bbox 835 1291 996 1357; x_wconf 79' lang='lat' dir='ltr'><strong>delibasse</strong></span> <span class='ocrx_word' id='word_1_98' title='bbox 1010 1294 1124 1360; x_wconf 86' lang='lat' dir='ltr'><strong>saltem</strong></span> 
     </span>
     <span class='ocr_line' id='line_1_14' title="bbox 123 1314 504 1443; baseline 0.003 -5"><span class='ocrx_word' id='word_1_99' title='bbox 123 1373 225 1443; x_wconf 87' lang='lat' dir='ltr'><strong>oculis</strong></span> <span class='ocrx_word' id='word_1_100' title='bbox 238 1314 412 1439; x_wconf 85' lang='lat' dir='ltr'><strong>videretur.</strong></span> <span class='ocrx_word' id='word_1_101' title='bbox 502 1409 504 1416; x_wconf 39' lang='lat' dir='ltr'><em>s</em></span> 
     </span>
     <span class='ocr_line' id='line_1_15' title="bbox 62 1456 1123 1546; baseline 0.005 -24"><span class='ocrx_word' id='word_1_102' title='bbox 62 1472 94 1522; x_wconf 84' lang='lat'><strong>41</strong></span> <span class='ocrx_word' id='word_1_103' title='bbox 207 1456 299 1521; x_wconf 88' lang='lat' dir='ltr'><strong>Haec</strong></span> <span class='ocrx_word' id='word_1_104' title='bbox 320 1460 354 1522; x_wconf 92' lang='lat' dir='ltr'><strong>in</strong></span> <span class='ocrx_word' id='word_1_105' title='bbox 373 1459 503 1544; x_wconf 79' lang='lat' dir='ltr'><strong>diversa</strong></span> <span class='ocrx_word' id='word_1_106' title='bbox 525 1471 684 1526; x_wconf 89' lang='lat' dir='ltr'><strong>terrarum</strong></span> <span class='ocrx_word' id='word_1_107' title='bbox 728 1459 843 1546; x_wconf 89' lang='lat' dir='ltr'><strong>opulus</strong></span> <span class='ocrx_word' id='word_1_108' title='bbox 864 1460 1040 1544; x_wconf 89' lang='lat' dir='ltr'><strong>Romanus,</strong></span> <span class='ocrx_word' id='word_1_109' title='bbox 1064 1485 1123 1527; x_wconf 88' lang='lat' dir='ltr'><strong>nec</strong></span> 
     </span>
     <span class='ocr_line' id='line_1_16' title="bbox 123 1482 1134 1616; baseline 0.006 -9"><span class='ocrx_word' id='word_1_110' title='bbox 123 1543 199 1607; x_wconf 87' lang='lat' dir='ltr'><strong>ideo</strong></span> <span class='ocrx_word' id='word_1_111' title='bbox 212 1551 320 1605; x_wconf 89' lang='lat' dir='ltr'><strong>tamen</strong></span> <span class='ocrx_word' id='word_1_112' title='bbox 337 1543 517 1609; x_wconf 83' lang='lat' dir='ltr'><strong>visceribus</strong></span> <span class='ocrx_word' id='word_1_113' title='bbox 540 1545 654 1609; x_wconf 89' lang='lat' dir='ltr'><strong>Italiae</strong></span> <span class='ocrx_word' id='word_1_114' title='bbox 675 1482 896 1608; x_wconf 75' lang='lat' dir='ltr'><strong>inbaerentem</strong></span> <span class='ocrx_word' id='word_1_115' title='bbox 918 1567 1134 1616; x_wconf 74' lang='lat' dir='ltr'><strong>summoveret</strong></span> 
     </span>
     <span class='ocr_line' id='line_1_17' title="bbox 147 1626 1123 1715; baseline 0.005 -25"><span class='ocrx_word' id='word_1_116' title='bbox 147 1635 249 1690; x_wconf 91' lang='lat' dir='ltr'><strong>oterat</strong></span> <span class='ocrx_word' id='word_1_117' title='bbox 264 1627 470 1692; x_wconf 87' lang='lat' dir='ltr'><strong>Annibalem.</strong></span> <span class='ocrx_word' id='word_1_118' title='bbox 496 1628 650 1715; x_wconf 88' lang='lat' dir='ltr'><strong>pleraque</strong></span> <span class='ocrx_word' id='word_1_119' title='bbox 667 1628 712 1691; x_wconf 87' lang='lat' dir='ltr'><strong>ad</strong></span> <span class='ocrx_word' id='word_1_120' title='bbox 732 1626 857 1692; x_wconf 84' lang='lat' dir='ltr'><strong>hostem</strong></span> <span class='ocrx_word' id='word_1_121' title='bbox 873 1627 1070 1712; x_wconf 84' lang='lat' dir='ltr'><strong>defecerant,</strong></span> <span class='ocrx_word' id='word_1_122' title='bbox 1095 1641 1123 1695; x_wconf 85' lang='lat' dir='ltr'><strong>et</strong></span> 
     </span>
     <span class='ocr_line' id='line_1_18' title="bbox 123 1648 1122 1808; baseline 0.006 -36"><span class='ocrx_word' id='word_1_123' title='bbox 123 1648 192 1773; x_wconf 78' lang='lat' dir='ltr'><strong>dux</strong></span> <span class='ocrx_word' id='word_1_124' title='bbox 209 1711 384 1775; x_wconf 88' lang='lat' dir='ltr'><strong>acerrimus</strong></span> <span class='ocrx_word' id='word_1_125' title='bbox 402 1721 514 1777; x_wconf 86' lang='lat' dir='ltr'><strong>contra</strong></span> <span class='ocrx_word' id='word_1_126' title='bbox 530 1712 693 1775; x_wconf 85' lang='lat' dir='ltr'><strong>Romanos</strong></span> <span class='ocrx_word' id='word_1_127' title='bbox 710 1710 834 1774; x_wconf 81' lang='lat' dir='ltr'><strong>Italicis</strong></span> <span class='ocrx_word' id='word_1_128' title='bbox 852 1733 979 1808; x_wconf 75' lang='lat' dir='ltr'><strong>quoque</strong></span> <span class='ocrx_word' id='word_1_129' title='bbox 997 1714 1122 1787; x_wconf 78' lang='lat' dir='ltr'><strong>viribus</strong></span> 
     </span>
     <span class='ocr_line' id='line_1_19' title="bbox 25 1792 1121 1878; baseline 0.005 -23"><span class='ocrx_word' id='word_1_130' title='bbox 25 1810 29 1817; x_wconf 85' lang='lat'><em>·</em></span> <span class='ocrx_word' id='word_1_131' title='bbox 81 1820 115 1868; x_wconf 80' lang='lat'><strong>42</strong></span> <span class='ocrx_word' id='word_1_132' title='bbox 125 1792 284 1857; x_wconf 88' lang='lat' dir='ltr'><strong>utebatur.</strong></span> <span class='ocrx_word' id='word_1_133' title='bbox 303 1796 368 1859; x_wconf 91' lang='lat' dir='ltr'><strong>iam</strong></span> <span class='ocrx_word' id='word_1_134' title='bbox 377 1805 485 1860; x_wconf 87' lang='lat' dir='ltr'><strong>tamen</strong></span> <span class='ocrx_word' id='word_1_135' title='bbox 497 1815 569 1856; x_wconf 91' lang='lat' dir='ltr'><strong>eum</strong></span> <span class='ocrx_word' id='word_1_136' title='bbox 580 1792 679 1877; x_wconf 90' lang='lat' dir='ltr'><strong>pleris</strong></span> <span class='ocrx_word' id='word_1_137' title='bbox 703 1815 743 1854; x_wconf 88' lang='lat' dir='ltr'><strong>ue</strong></span> <span class='ocrx_word' id='word_1_138' title='bbox 754 1794 881 1877; x_wconf 83' lang='lat' dir='ltr'><strong>oppidrs</strong></span> <span class='ocrx_word' id='word_1_139' title='bbox 893 1797 1121 1878; x_wconf 82' lang='lat' dir='ltr'><strong>etrcgionibus</strong></span> 
     </span>
     <span class='ocr_line' id='line_1_20' title="bbox 126 1816 1121 1959; baseline 0.006 -21"><span class='ocrx_word' id='word_1_140' title='bbox 126 1896 380 1959; x_wconf 83' lang='lat' dir='ltr'><strong>excusseramus,</strong></span> <span class='ocrx_word' id='word_1_141' title='bbox 393 1881 457 1942; x_wconf 91' lang='lat' dir='ltr'><strong>iam</strong></span> <span class='ocrx_word' id='word_1_142' title='bbox 468 1876 643 1939; x_wconf 86' lang='lat' dir='ltr'><strong>Tarentum</strong></span> <span class='ocrx_word' id='word_1_143' title='bbox 655 1816 766 1938; x_wconf 77' lang='lat' dir='ltr'><strong>adnos</strong></span> <span class='ocrx_word' id='word_1_144' title='bbox 778 1875 928 1956; x_wconf 78' lang='lat' dir='ltr'><strong>redierat,</strong></span> <span class='ocrx_word' id='word_1_145' title='bbox 940 1879 1004 1940; x_wconf 92' lang='lat' dir='ltr'><strong>iam</strong></span> <span class='ocrx_word' id='word_1_146' title='bbox 1017 1891 1050 1944; x_wconf 88' lang='lat' dir='ltr'><strong>et</strong></span> <span class='ocrx_word' id='word_1_147' title='bbox 1065 1881 1121 1946; x_wconf 81' lang='lat' dir='ltr'><strong>Oa-</strong></span> 
     </span>
     <span class='ocr_line' id='line_1_21' title="bbox 109 1956 1134 2045; baseline 0.009 -23"><span class='ocrx_word' id='word_1_148' title='bbox 109 1982 202 2045; x_wconf 68' lang='lat' dir='ltr'><strong>³p11a,</strong></span> <span class='ocrx_word' id='word_1_149' title='bbox 228 1963 320 2025; x_wconf 88' lang='lat' dir='ltr'><strong>sedes</strong></span> <span class='ocrx_word' id='word_1_150' title='bbox 348 1961 460 2025; x_wconf 93' lang='lat' dir='ltr'><strong>domus</strong></span> <span class='ocrx_word' id='word_1_151' title='bbox 478 1967 510 2021; x_wconf 86' lang='lat' dir='ltr'><strong>et</strong></span> <span class='ocrx_word' id='word_1_152' title='bbox 537 1960 644 2043; x_wconf 87' lang='lat' dir='ltr'><strong>patria</strong></span> <span class='ocrx_word' id='word_1_153' title='bbox 659 1956 761 2021; x_wconf 88' lang='lat' dir='ltr'><strong>altera</strong></span> <span class='ocrx_word' id='word_1_154' title='bbox 778 1958 964 2040; x_wconf 87' lang='lat' dir='ltr'><strong>Annibalis,</strong></span> <span class='ocrx_word' id='word_1_155' title='bbox 990 1965 1134 2030; x_wconf 81' lang='lat' dir='ltr'><strong>tenebat-²</strong></span> 
     </span>
     <span class='ocr_line' id='line_1_22' title="bbox 123 2040 1120 2128; baseline 0.005 -22"><span class='ocrx_word' id='word_1_156' title='bbox 123 2055 184 2124; x_wconf 88' lang='lat' dir='ltr'><strong>tur,</strong></span> <span class='ocrx_word' id='word_1_157' title='bbox 198 2046 288 2108; x_wconf 90' lang='lat' dir='ltr'><strong>cuius</strong></span> <span class='ocrx_word' id='word_1_158' title='bbox 300 2044 429 2107; x_wconf 92' lang='lat' dir='ltr'><strong>amissio</strong></span> <span class='ocrx_word' id='word_1_159' title='bbox 441 2050 565 2104; x_wconf 87' lang='lat' dir='ltr'><strong>tantum</strong></span> <span class='ocrx_word' id='word_1_160' title='bbox 578 2041 687 2111; x_wconf 90' lang='lat' dir='ltr'><strong>Poeno</strong></span> <span class='ocrx_word' id='word_1_161' title='bbox 708 2041 783 2104; x_wconf 90' lang='lat' dir='ltr'><strong>duci</strong></span> <span class='ocrx_word' id='word_1_162' title='bbox 802 2040 946 2106; x_wconf 89' lang='lat' dir='ltr'><strong>dolorem</strong></span> <span class='ocrx_word' id='word_1_163' title='bbox 960 2042 1069 2128; x_wconf 88' lang='lat' dir='ltr'><strong>dedit,</strong></span> <span class='ocrx_word' id='word_1_164' title='bbox 1090 2057 1120 2111; x_wconf 88' lang='lat' dir='ltr'><strong>ut</strong></span> 
     </span>
     <span class='ocr_line' id='line_1_23' title="bbox 82 2124 1120 2212; baseline 0 -20"><span class='ocrx_word' id='word_1_165' title='bbox 82 2141 115 2192; x_wconf 84' lang='lat'><strong>43</strong></span> <span class='ocrx_word' id='word_1_166' title='bbox 125 2128 200 2191; x_wconf 86' lang='lat' dir='ltr'><strong>inde</strong></span> <span class='ocrx_word' id='word_1_167' title='bbox 212 2129 287 2192; x_wconf 88' lang='lat' dir='ltr'><strong>totis</strong></span> <span class='ocrx_word' id='word_1_168' title='bbox 304 2125 429 2191; x_wconf 85' lang='lat' dir='ltr'><strong>viribus</strong></span> <span class='ocrx_word' id='word_1_169' title='bbox 440 2124 576 2189; x_wconf 84' lang='lat' dir='ltr'><strong>Romam</strong></span> <span class='ocrx_word' id='word_1_170' title='bbox 593 2128 844 2190; x_wconf 73' lang='lat' dir='ltr'><strong>converteretur.</strong></span> <span class='ocrx_word' id='word_1_171' title='bbox 870 2147 888 2190; x_wconf 96' lang='lat' dir='ltr'><strong>o</strong></span> <span class='ocrx_word' id='word_1_172' title='bbox 904 2125 1062 2212; x_wconf 91' lang='lat' dir='ltr'><strong>populum</strong></span> <span class='ocrx_word' id='word_1_173' title='bbox 1080 2131 1120 2196; x_wconf 90' lang='lat' dir='ltr'><strong>di-</strong></span> 
     </span>
     <span class='ocr_line' id='line_1_24' title="bbox 124 2206 1119 2296; baseline 0.002 -22"><span class='ocrx_word' id='word_1_174' title='bbox 124 2206 223 2295; x_wconf 85' lang='lat' dir='ltr'><strong>gnum</strong></span> <span class='ocrx_word' id='word_1_175' title='bbox 235 2208 322 2276; x_wconf 92' lang='lat' dir='ltr'><strong>orbis</strong></span> <span class='ocrx_word' id='word_1_176' title='bbox 334 2208 472 2292; x_wconf 84' lang='lat' dir='ltr'><strong>imperio¹</strong></span> <span class='ocrx_word' id='word_1_177' title='bbox 484 2208 687 2296; x_wconf 84' lang='lat' dir='ltr'><strong>dignumque</strong></span> <span class='ocrx_word' id='word_1_178' title='bbox 699 2210 842 2274; x_wconf 90' lang='lat' dir='ltr'><strong>omnium</strong></span> <span class='ocrx_word' id='word_1_179' title='bbox 854 2209 968 2274; x_wconf 80' lang='lat' dir='ltr'><strong>favore</strong></span> <span class='ocrx_word' id='word_1_180' title='bbox 980 2220 1010 2273; x_wconf 92' lang='lat' dir='ltr'><strong>et</strong></span> <span class='ocrx_word' id='word_1_181' title='bbox 1023 2215 1119 2278; x_wconf 88' lang='lat' dir='ltr'><strong>admi-</strong></span> 
     </span>
     <span class='ocr_line' id='line_1_25' title="bbox 123 2291 1118 2379; baseline 0.001 -21"><span class='ocrx_word' id='word_1_182' title='bbox 123 2296 247 2358; x_wconf 88' lang='lat' dir='ltr'><strong>ratione</strong></span> <span class='ocrx_word' id='word_1_183' title='bbox 254 2291 418 2356; x_wconf 92' lang='lat' dir='ltr'><strong>hominum</strong></span> <span class='ocrx_word' id='word_1_184' title='bbox 429 2313 467 2357; x_wconf 90' lang='lat' dir='ltr'><strong>ac</strong></span> <span class='ocrx_word' id='word_1_185' title='bbox 478 2293 626 2358; x_wconf 87' lang='lat' dir='ltr'><strong>deorum!</strong></span> <span class='ocrx_word' id='word_1_186' title='bbox 641 2293 814 2379; x_wconf 86' lang='lat' dir='ltr'><strong>conpulsus</strong></span> <span class='ocrx_word' id='word_1_187' title='bbox 826 2293 869 2358; x_wconf 89' lang='lat' dir='ltr'><strong>ad</strong></span> <span class='ocrx_word' id='word_1_188' title='bbox 879 2294 1009 2357; x_wconf 88' lang='lat' dir='ltr'><strong>ultimos</strong></span> <span class='ocrx_word' id='word_1_189' title='bbox 1018 2307 1118 2361; x_wconf 85' lang='lat' dir='ltr'><strong>metus</strong></span> 
     </span>
     <span class='ocr_line' id='line_1_26' title="bbox 124 2376 1134 2464; baseline -0.005 -22"><span class='ocrx_word' id='word_1_190' title='bbox 124 2377 165 2442; x_wconf 88' lang='lat' dir='ltr'><strong>ab</strong></span> <span class='ocrx_word' id='word_1_191' title='bbox 177 2379 304 2460; x_wconf 91' lang='lat' dir='ltr'><strong>incepto</strong></span> <span class='ocrx_word' id='word_1_192' title='bbox 316 2396 381 2439; x_wconf 92' lang='lat' dir='ltr'><strong>non</strong></span> <span class='ocrx_word' id='word_1_193' title='bbox 395 2376 528 2459; x_wconf 87' lang='lat' dir='ltr'><strong>destitit,</strong></span> <span class='ocrx_word' id='word_1_194' title='bbox 547 2388 579 2442; x_wconf 90' lang='lat' dir='ltr'><strong>et</strong></span> <span class='ocrx_word' id='word_1_195' title='bbox 590 2378 630 2442; x_wconf 89' lang='lat' dir='ltr'><strong>de</strong></span> <span class='ocrx_word' id='word_1_196' title='bbox 642 2399 701 2441; x_wconf 88' lang='lat' dir='ltr'><strong>sua</strong></span> <span class='ocrx_word' id='word_1_197' title='bbox 711 2377 792 2441; x_wconf 88' lang='lat' dir='ltr'><strong>urbe</strong></span> <span class='ocrx_word' id='word_1_198' title='bbox 805 2377 962 2441; x_wconf 88' lang='lat' dir='ltr'><strong>sollicitus</strong></span> <span class='ocrx_word' id='word_1_199' title='bbox 975 2376 1134 2464; x_wconf 82' lang='lat' dir='ltr'><strong>Capuama</strong></span> 
     </span>
     <span class='ocr_line' id='line_1_27' title="bbox 123 2460 1119 2546; baseline 0.003 -22"><span class='ocrx_word' id='word_1_200' title='bbox 123 2471 231 2524; x_wconf 85' lang='lat' dir='ltr'><strong>tamen</strong></span> <span class='ocrx_word' id='word_1_201' title='bbox 241 2479 306 2520; x_wconf 91' lang='lat' dir='ltr'><strong>non</strong></span> <span class='ocrx_word' id='word_1_202' title='bbox 317 2460 439 2541; x_wconf 74' lang='lat' dir='ltr'><strong>omisit,</strong></span> <span class='ocrx_word' id='word_1_203' title='bbox 455 2460 512 2523; x_wconf 90' lang='lat' dir='ltr'><strong>sed</strong></span> <span class='ocrx_word' id='word_1_204' title='bbox 523 2471 615 2546; x_wconf 89' lang='lat' dir='ltr'><strong>parte</strong></span> <span class='ocrx_word' id='word_1_205' title='bbox 627 2461 787 2524; x_wconf 88' lang='lat' dir='ltr'><strong>exercitus</strong></span> <span class='ocrx_word' id='word_1_206' title='bbox 800 2460 861 2524; x_wconf 92' lang='lat' dir='ltr'><strong>sub</strong></span> <span class='ocrx_word' id='word_1_207' title='bbox 871 2462 902 2524; x_wconf 95' lang='lat' dir='ltr'><strong>A</strong></span> <span class='ocrx_word' id='word_1_208' title='bbox 926 2463 979 2546; x_wconf 91' lang='lat' dir='ltr'><strong>pio</strong></span> <span class='ocrx_word' id='word_1_209' title='bbox 991 2463 1119 2527; x_wconf 86' lang='lat' dir='ltr'><strong>consule</strong></span> 
     </span>
     <span class='ocr_line' id='line_1_28' title="bbox 124 2484 1119 2626; baseline 0.004 -21"><span class='ocrx_word' id='word_1_210' title='bbox 124 2542 244 2622; x_wconf 87' lang='lat' dir='ltr'><strong>relicta,</strong></span> <span class='ocrx_word' id='word_1_211' title='bbox 265 2549 356 2624; x_wconf 87' lang='lat' dir='ltr'><strong>parte</strong></span> <span class='ocrx_word' id='word_1_212' title='bbox 377 2543 531 2606; x_wconf 86' lang='lat' dir='ltr'><strong>Flaccum</strong></span> <span class='ocrx_word' id='word_1_213' title='bbox 551 2545 586 2607; x_wconf 90' lang='lat' dir='ltr'><strong>in</strong></span> <span class='ocrx_word' id='word_1_214' title='bbox 607 2544 721 2608; x_wconf 86' lang='lat' dir='ltr'><strong>urbem</strong></span> <span class='ocrx_word' id='word_1_215' title='bbox 743 2553 862 2626; x_wconf 90' lang='lat' dir='ltr'><strong>secuta,</strong></span> <span class='ocrx_word' id='word_1_216' title='bbox 887 2484 1005 2609; x_wconf 72' lang='lat' dir='ltr'><strong>absens</strong></span> <span class='ocrx_word' id='word_1_217' title='bbox 1028 2545 1119 2619; x_wconf 87' lang='lat' dir='ltr'><strong>simul</strong></span> 
     </span>
     <span class='ocr_line' id='line_1_29' title="bbox 75 2626 1119 2713; baseline 0.005 -26"><span class='ocrx_word' id='word_1_218' title='bbox 75 2650 116 2698; x_wconf 81' lang='lat'><strong>-44</strong></span> <span class='ocrx_word' id='word_1_219' title='bbox 124 2644 341 2711; x_wconf 86' lang='lat' dir='ltr'><strong>praesensque</strong></span> <span class='ocrx_word' id='word_1_220' title='bbox 357 2648 402 2711; x_wconf 93' lang='lat' dir='ltr'><strong>pu</strong></span> <span class='ocrx_word' id='word_1_221' title='bbox 425 2626 533 2692; x_wconf 89' lang='lat' dir='ltr'><strong>nabat.</strong></span> <span class='ocrx_word' id='word_1_222' title='bbox 561 2628 639 2713; x_wconf 91' lang='lat' dir='ltr'><strong>quid</strong></span> <span class='ocrx_word' id='word_1_223' title='bbox 650 2650 728 2712; x_wconf 85' lang='lat' dir='ltr'><strong>ergo</strong></span> <span class='ocrx_word' id='word_1_224' title='bbox 741 2628 895 2692; x_wconf 87' lang='lat' dir='ltr'><strong>miramur</strong></span> <span class='ocrx_word' id='word_1_225' title='bbox 912 2632 1056 2694; x_wconf 86' lang='lat' dir='ltr'><strong>moventi</strong></span> <span class='ocrx_word' id='word_1_226' title='bbox 1074 2652 1119 2694; x_wconf 89' lang='lat' dir='ltr'><strong>ca·</strong></span> 
     </span>
     <span class='ocr_line' id='line_1_30' title="bbox 107 2649 1119 2796; baseline 0.003 -24"><span class='ocrx_word' id='word_1_227' title='bbox 107 2710 111 2716; x_wconf 77' lang='grc'><em>’</em></span> <span class='ocrx_word' id='word_1_228' title='bbox 126 2716 191 2772; x_wconf 90' lang='lat' dir='ltr'><strong>stra</strong></span> <span class='ocrx_word' id='word_1_229' title='bbox 202 2729 222 2770; x_wconf 90' lang='lat' dir='ltr'><strong>a</strong></span> <span class='ocrx_word' id='word_1_230' title='bbox 232 2708 326 2771; x_wconf 81' lang='lat' dir='ltr'><strong>tertio</strong></span> <span class='ocrx_word' id='word_1_231' title='bbox 338 2649 445 2795; x_wconf 71' lang='lat' dir='ltr'><strong>lapide</strong></span> <span class='ocrx_word' id='word_1_232' title='bbox 456 2710 612 2776; x_wconf 90' lang='lat' dir='ltr'><strong>Annibali</strong></span> <span class='ocrx_word' id='word_1_233' title='bbox 621 2713 739 2776; x_wconf 89' lang='lat' dir='ltr'><strong>iterum</strong></span> <span class='ocrx_word' id='word_1_234' title='bbox 751 2713 840 2796; x_wconf 90' lang='lat' dir='ltr'><strong>ipsos</strong></span> <span class='ocrx_word' id='word_1_235' title='bbox 853 2713 930 2777; x_wconf 89' lang='lat' dir='ltr'><strong>deos</strong></span> <span class='ocrx_word' id='word_1_236' title='bbox 940 2712 1119 2777; x_wconf 77' lang='lat' dir='ltr'><strong>restitisse?</strong></span> 
     </span>
     <span class='ocr_line' id='line_1_31' title="bbox 83 2791 1134 2882; baseline 0.005 -32"><span class='ocrx_word' id='word_1_237' title='bbox 83 2800 118 2850; x_wconf 80' lang='lat'><strong>45</strong></span> <span class='ocrx_word' id='word_1_238' title='bbox 129 2791 206 2856; x_wconf 89' lang='lat' dir='ltr'><strong>deos</strong></span> <span class='ocrx_word' id='word_1_239' title='bbox 217 2791 358 2877; x_wconf 92' lang='lat' dir='ltr'><strong>inquam,</strong></span> <span class='ocrx_word' id='word_1_240' title='bbox 370 2815 430 2858; x_wconf 89' lang='lat' dir='ltr'><strong>neo</strong></span> <span class='ocrx_word' id='word_1_241' title='bbox 441 2795 537 2859; x_wconf 87' lang='lat' dir='ltr'><strong>fateri</strong></span> <span class='ocrx_word' id='word_1_242' title='bbox 545 2795 691 2882; x_wconf 88' lang='lat' dir='ltr'><strong>pudebit.</strong></span> <span class='ocrx_word' id='word_1_243' title='bbox 719 2805 810 2860; x_wconf 86' lang='lat' dir='ltr'><strong>tanta</strong></span> <span class='ocrx_word' id='word_1_244' title='bbox 822 2798 907 2860; x_wconf 91' lang='lat' dir='ltr'><strong>enim</strong></span> <span class='ocrx_word' id='word_1_245' title='bbox 925 2796 967 2859; x_wconf 89' lang='lat' dir='ltr'><strong>ad</strong></span> <span class='ocrx_word' id='word_1_246' title='bbox 978 2796 1134 2882; x_wconf 80' lang='lat' dir='ltr'><strong>singulosa</strong></span> 
     </span>
     <span class='ocr_line' id='line_1_32' title="bbox 83 2873 1119 2965; baseline 0.006 -27"><span class='ocrx_word' id='word_1_247' title='bbox 83 2948 87 2955; x_wconf 12' lang='lat' dir='ltr'><strong>p</strong></span> <span class='ocrx_word' id='word_1_248' title='bbox 124 2873 212 2938; x_wconf 92' lang='lat' dir='ltr'><strong>illius</strong></span> <span class='ocrx_word' id='word_1_249' title='bbox 223 2885 327 2965; x_wconf 84' lang='lat' dir='ltr'><strong>motus</strong></span> <span class='ocrx_word' id='word_1_250' title='bbox 340 2879 391 2941; x_wconf 83' lang='lat' dir='ltr'><strong>vis</strong></span> <span class='ocrx_word' id='word_1_251' title='bbox 408 2879 560 2945; x_wconf 90' lang='lat' dir='ltr'><strong>imbrium</strong></span> <span class='ocrx_word' id='word_1_252' title='bbox 576 2880 677 2943; x_wconf 87' lang='lat' dir='ltr'><strong>effusa</strong></span> <span class='ocrx_word' id='word_1_253' title='bbox 689 2888 746 2961; x_wconf 88' lang='lat' dir='ltr'><strong>est,</strong></span> <span class='ocrx_word' id='word_1_254' title='bbox 763 2888 854 2943; x_wconf 88' lang='lat' dir='ltr'><strong>tanta</strong></span> <span class='ocrx_word' id='word_1_255' title='bbox 871 2890 1042 2944; x_wconf 90' lang='lat' dir='ltr'><strong>ventorum</strong></span> <span class='ocrx_word' id='word_1_256' title='bbox 1058 2882 1119 2945; x_wconf 81' lang='lat' dir='ltr'><strong>vio·</strong></span> 
     </span>
     <span class='ocr_line' id='line_1_33' title="bbox 124 2957 1120 3042; baseline 0.006 -22"><span class='ocrx_word' id='word_1_257' title='bbox 124 2957 225 3023; x_wconf 82' lang='lat' dir='ltr'><strong>lautia</strong></span> <span class='ocrx_word' id='word_1_258' title='bbox 235 2970 345 3025; x_wconf 85' lang='lat' dir='ltr'><strong>coorta</strong></span> <span class='ocrx_word' id='word_1_259' title='bbox 361 2971 419 3042; x_wconf 87' lang='lat' dir='ltr'><strong>est,</strong></span> <span class='ocrx_word' id='word_1_260' title='bbox 440 2972 476 3026; x_wconf 93' lang='lat' dir='ltr'><strong>ut</strong></span> <span class='ocrx_word' id='word_1_261' title='bbox 492 2963 646 3027; x_wconf 81' lang='lat' dir='ltr'><strong>divinitus</strong></span> <span class='ocrx_word' id='word_1_262' title='bbox 661 2964 787 3027; x_wconf 89' lang='lat' dir='ltr'><strong>hostem</strong></span> <span class='ocrx_word' id='word_1_263' title='bbox 802 2986 1003 3029; x_wconf 86' lang='lat' dir='ltr'><strong>summovere</strong></span> <span class='ocrx_word' id='word_1_264' title='bbox 1022 2984 1120 3028; x_wconf 91' lang='lat' dir='ltr'><strong>nona</strong></span> 
     </span>
     <span class='ocr_line' id='line_1_34' title="bbox 126 3042 1120 3145; baseline 0.005 -40"><span class='ocrx_word' id='word_1_265' title='bbox 126 3042 224 3125; x_wconf 89' lang='lat' dir='ltr'><strong>caelo,</strong></span> <span class='ocrx_word' id='word_1_266' title='bbox 237 3044 301 3108; x_wconf 85' lang='lat' dir='ltr'><strong>¹sed</strong></span> <span class='ocrx_word' id='word_1_267' title='bbox 318 3045 359 3109; x_wconf 85' lang='lat' dir='ltr'><strong>ab</strong></span> <span class='ocrx_word' id='word_1_268' title='bbox 377 3046 468 3110; x_wconf 89' lang='lat' dir='ltr'><strong>urbis</strong></span> <span class='ocrx_word' id='word_1_269' title='bbox 479 3047 581 3145; x_wconf 88' lang='lat' dir='ltr'><strong>ipsius</strong></span> <span class='ocrx_word' id='word_1_270' title='bbox 593 3046 761 3121; x_wconf 85' lang='lat' dir='ltr'><strong>moenibus</strong></span> <span class='ocrx_word' id='word_1_271' title='bbox 779 3056 811 3111; x_wconf 89' lang='lat' dir='ltr'><strong>et</strong></span> <span class='ocrx_word' id='word_1_272' title='bbox 820 3047 986 3132; x_wconf 80' lang='lat' dir='ltr'><strong>&#39;Capitolio</strong></span> <span class='ocrx_word' id='word_1_273' title='bbox 998 3044 1120 3112; x_wconf 79' lang='lat' dir='ltr'><strong>videre-</strong></span> 
     </span>
     <span class='ocr_line' id='line_1_35' title="bbox 85 3129 1119 3216; baseline 0.003 -24"><span class='ocrx_word' id='word_1_274' title='bbox 85 3141 120 3194; x_wconf 79' lang='grc'><strong>46</strong></span> <span class='ocrx_word' id='word_1_275' title='bbox 128 3135 190 3190; x_wconf 88' lang='lat' dir='ltr'><strong>tur.</strong></span> <span class='ocrx_word' id='word_1_276' title='bbox 209 3129 246 3191; x_wconf 90' lang='lat' dir='ltr'><strong>fu</strong></span> <span class='ocrx_word' id='word_1_277' title='bbox 269 3130 294 3192; x_wconf 89' lang='lat' dir='ltr'><strong>it</strong></span> <span class='ocrx_word' id='word_1_278' title='bbox 305 3138 336 3193; x_wconf 88' lang='lat' dir='ltr'><strong>et</strong></span> <span class='ocrx_word' id='word_1_279' title='bbox 348 3130 445 3193; x_wconf 90' lang='lat' dir='ltr'><strong>cessit</strong></span> <span class='ocrx_word' id='word_1_280' title='bbox 457 3139 489 3193; x_wconf 88' lang='lat' dir='ltr'><strong>et</strong></span> <span class='ocrx_word' id='word_1_281' title='bbox 500 3153 533 3193; x_wconf 90' lang='lat' dir='ltr'><strong>1n</strong></span> <span class='ocrx_word' id='word_1_282' title='bbox 543 3129 692 3194; x_wconf 89' lang='lat' dir='ltr'><strong>ultimum</strong></span> <span class='ocrx_word' id='word_1_283' title='bbox 706 3152 740 3194; x_wconf 89' lang='lat' dir='ltr'><strong>se</strong></span> <span class='ocrx_word' id='word_1_284' title='bbox 749 3131 863 3196; x_wconf 89' lang='lat' dir='ltr'><strong>Italiae</strong></span> <span class='ocrx_word' id='word_1_285' title='bbox 874 3132 996 3216; x_wconf 86' lang='lat' dir='ltr'><strong>recepit</strong></span> <span class='ocrx_word' id='word_1_286' title='bbox 1009 3132 1119 3210; x_wconf 89' lang='lat' dir='ltr'><strong>sinum,</strong></span> 
     </span>
     <span class='ocr_line' id='line_1_36' title="bbox 82 3151 1134 3301; baseline 0 -25"><span class='ocrx_word' id='word_1_287' title='bbox 82 3224 116 3276; x_wconf 78' lang='lat' dir='ltr'><strong>tt</strong></span> <span class='ocrx_word' id='word_1_288' title='bbox 127 3232 200 3274; x_wconf 93' lang='lat' dir='ltr'><strong>cum</strong></span> <span class='ocrx_word' id='word_1_289' title='bbox 210 3151 324 3282; x_wconf 68' lang='lat' dir='ltr'><strong>urbem</strong></span> <span class='ocrx_word' id='word_1_290' title='bbox 334 3222 458 3277; x_wconf 80' lang='lat' dir='ltr'><strong>tantrrm</strong></span> <span class='ocrx_word' id='word_1_291' title='bbox 469 3235 541 3278; x_wconf 88' lang='lat' dir='ltr'><strong>-non</strong></span> <span class='ocrx_word' id='word_1_292' title='bbox 552 3214 718 3278; x_wconf 91' lang='lat' dir='ltr'><strong>adoratam</strong></span> <span class='ocrx_word' id='word_1_293' title='bbox 732 3214 927 3301; x_wconf 88' lang='lat' dir='ltr'><strong>reliquisset.</strong></span> <span class='ocrx_word' id='word_1_294' title='bbox 954 3236 1058 3300; x_wconf 88' lang='lat' dir='ltr'><strong>parva</strong></span> <span class='ocrx_word' id='word_1_295' title='bbox 1072 3235 1134 3278; x_wconf 75' lang='lat' dir='ltr'><strong>resa</strong></span> 
     </span>
     <span class='ocr_line' id='line_1_37' title="bbox 123 3293 1120 3383; baseline 0.005 -26"><span class='ocrx_word' id='word_1_296' title='bbox 123 3293 215 3358; x_wconf 72' lang='lat' dir='ltr'><strong>&#39;dictu</strong></span> <span class='ocrx_word' id='word_1_297' title='bbox 226 3295 285 3360; x_wconf 87' lang='lat' dir='ltr'><strong>scd</strong></span> <span class='ocrx_word' id='word_1_298' title='bbox 295 3297 337 3361; x_wconf 93' lang='lat' dir='ltr'><strong>ad</strong></span> <span class='ocrx_word' id='word_1_299' title='bbox 347 3298 643 3381; x_wconf 82' lang='lat' dir='ltr'><strong>magnanimitatem</strong></span> <span class='ocrx_word' id='word_1_300' title='bbox 652 3319 694 3383; x_wconf 92' lang='lat' dir='ltr'><strong>po</strong></span> <span class='ocrx_word' id='word_1_301' title='bbox 717 3297 764 3361; x_wconf 91' lang='lat' dir='ltr'><strong>uli</strong></span> <span class='ocrx_word' id='word_1_302' title='bbox 777 3299 914 3363; x_wconf 90' lang='lat' dir='ltr'><strong>Romani</strong></span> <span class='ocrx_word' id='word_1_303' title='bbox 923 3297 1120 3383; x_wconf 87' lang='lat' dir='ltr'><strong>probandam</strong></span> 
     </span>
     <span class='ocr_line' id='line_1_38' title="bbox 126 3377 1119 3467; baseline 0 -25"><span class='ocrx_word' id='word_1_304' title='bbox 126 3379 204 3442; x_wconf 85' lang='lat' dir='ltr'><strong>satis</strong></span> <span class='ocrx_word' id='word_1_305' title='bbox 223 3377 349 3461; x_wconf 84' lang='lat' dir='ltr'><strong>efficax,</strong></span> <span class='ocrx_word' id='word_1_306' title='bbox 368 3381 454 3467; x_wconf 88' lang='lat' dir='ltr'><strong>quod</strong></span> <span class='ocrx_word' id='word_1_307' title='bbox 466 3380 532 3444; x_wconf 91' lang='lat' dir='ltr'><strong>illis</strong></span> <span class='ocrx_word' id='word_1_308' title='bbox 549 3381 629 3466; x_wconf 89' lang='lat' dir='ltr'><strong>ipsis</strong></span> <span class='ocrx_word' id='word_1_309' title='bbox 648 3404 703 3467; x_wconf 92' lang='lat' dir='ltr'><strong>qu1</strong></span> <span class='ocrx_word' id='word_1_310' title='bbox 727 3404 765 3445; x_wconf 90' lang='lat' dir='ltr'><strong>us</strong></span> <span class='ocrx_word' id='word_1_311' title='bbox 783 3380 991 3447; x_wconf 89' lang='lat' dir='ltr'><strong>obsidebatur</strong></span> <span class='ocrx_word' id='word_1_312' title='bbox 1010 3382 1119 3448; x_wconf 90' lang='lat' dir='ltr'><strong>diebus</strong></span> 
     </span>
     <span class='ocr_line' id='line_1_39' title="bbox 111 3464 1121 3558; baseline 0.002 -32"><span class='ocrx_word' id='word_1_313' title='bbox 111 3483 212 3548; x_wconf 81' lang='lat' dir='ltr'><strong>-ager,</strong></span> <span class='ocrx_word' id='word_1_314' title='bbox 224 3483 319 3547; x_wconf 89' lang='lat' dir='ltr'><strong>quem</strong></span> <span class='ocrx_word' id='word_1_315' title='bbox 329 3464 471 3530; x_wconf 90' lang='lat' dir='ltr'><strong>Annibal</strong></span> <span class='ocrx_word' id='word_1_316' title='bbox 481 3466 595 3532; x_wconf 88' lang='lat' dir='ltr'><strong>castris</strong></span> <span class='ocrx_word' id='word_1_317' title='bbox 606 3466 777 3548; x_wconf 83' lang='lat' dir='ltr'><strong>insederat,</strong></span> <span class='ocrx_word' id='word_1_318' title='bbox 796 3464 920 3532; x_wconf 82' lang='lat' dir='ltr'><strong>venalis</strong></span> <span class='ocrx_word' id='word_1_319' title='bbox 931 3465 1053 3558; x_wconf 85' lang='lat' dir='ltr'><strong>Romae</strong></span> <span class='ocrx_word' id='word_1_320' title='bbox 1064 3466 1121 3531; x_wconf 91' lang='lat' dir='ltr'><strong>fuit</strong></span> 
     </span>
    </p>
   </div>
   <div class='ocr_carea' id='block_1_3' title="bbox 0 0 1182 3818">
    <p class='ocr_par' dir='ltr' id='par_1_3' title="bbox 0 0 1182 3818">
     <span class='ocr_line' id='line_1_40' title="bbox 0 0 1182 3818; baseline 0 0"><span class='ocrx_word' id='word_1_321' title='bbox 0 0 1182 3818; x_wconf 95' lang='lat' dir='ltr'><strong> </strong></span> 
     </span>
    </p>
   </div>
  </div>
 </body>
</html>
