2356 3818
431 183 459 266 1,
477 186 513 247 13
530 182 604 271 [181.
640 233 644 242 .
940 247 945 258 ,
984 190 1021 251 19

21 358 74 418 set
85 347 228 418 consiliis
241 371 367 435 quoque
378 357 411 414 et
425 349 595 415 domicum
608 350 724 434 regeP
781 351 823 416 ho
837 352 1022 419 dimicatum

21 443 83 499 est.
107 435 225 579 quippe
235 442 309 517 post
317 434 453 518 primam
468 434 638 523 victoriam
648 434 728 498 intel
742 436 874 499 ectavir
885 436 1020 516 callidus
1070 434 1072 449 '

19 520 154 598 virtute
181 537 302 601 ¹‚ornama
318 517 425 579 statim
443 516 628 602 desperavit
644 519 742 589 armis
756 540 854 605 seque
871 519 914 584 ad
930 520 1021 585 dolos

20 599 170 666 contulit.
187 621 275 683 nam
287 600 495 686 interemptos
513 603 677 681 cremavit,
692 603 836 686 captivos
859 606 900 666 ue
914 603 1018 668 indul—
1030 626 1065 676 15

19 693 139 771 genter
149 682 263 758 habuit
274 691 306 747 et
315 684 384 746 sine
416 684 657 766 retiorcstituit,
672 685 844 771 missisque
873 688 975 770 egetis
986 688 1022 750 in

18 767 137 832 urbem
148 767 234 829 omni
247 766 343 832 modo
360 787 380 828 a
403 768 493 830 nisus
507 775 556 830 est
571 776 608 831 ut
620 767 705 831 facto
719 767 850 832 foedere
867 769 902 831 in
912 772 1028 834 amici-⁴

17 854 101 917 tiam
118 851 324 934 reciperetur.
359 849 467 914 sedet
486 849 573 914 bello
591 860 623 914 et
638 873 718 936 paee
736 859 768 914 et
783 851 863 917 foris
884 853 1065 934 ct'domi10

19 955 150 1001 omnem
160 935 196 997 in
205 941 330 1018 partem
340 932 487 1011 Romana
496 934 599 997 virtus
612 943 682 998 tum
700 945 734 998 se
745 934 945 1035 adprobavit²
961 959 1021 1002 nec

18 1018 88 1083 alia
102 1018 207 1102 magis
220 1038 317 1103 quam
328 1016 658 1092 Tarentina-victoria
675 1018 816 1084 ostendit
833 1019 942 1104 populr
957 1016 1020 1085 Ro·
1051 1019 1053 1030 '

19 1101 112 1167 mani
126 1100 358 1181 fortitudinem,
374 1109 503 1165 senatus
515 1103 846 1200 sapientiam-ducum
856 1104 1020 1186 magnani-

17 1187 176 1250 mitatem.
191 1185 321 1270 quinam
326 1183 375 1248 illi
385 1177 516 1249 firerunt
521 1185 585 1249 vrri
595 1189 674 1284 quos
684 1184 725 1249 ab
733 1184 911 1270 elephantis
917 1187 1019 1271 primo
1031 1211 1062 1260 17

18 1266 145 1356 proelio
157 1266 293 1333 obtritos
306 1268 512 1354 accepimus?
529 1289 670 1333 ommum
682 1268 817 1334 vulnera
833 1271 868 1334 in
881 1278 1019 1355 pectore,

20 1351 154 1439 quidam
173 1351 320 1417 hostibus
339 1355 406 1415 suis
425 1361 528 1417 morte
548 1375 607 1416 sua
624 1354 811 1435 commortui,
830 1354 972 1418 omnium
987 1355 1021 1417 in
1116 1390 1118 1395 ·

18 1434 170 1501 manibus
190 1435 287 1516 ensis,
306 1444 338 1522 et
350 1435 483 1501 relictae
500 1437 536 1499 in
551 1436 694 1500 voltibus
708 1437 823 1517 minae,
835 1446 874 1519 „et
895 1438 930 1499 in
949 1438 1021 1522 ipsa

10 1527 126 1586 ¹morte
137 1520 186 1582 ira
197 1517 340 1583 vivebat.
368 1518 454 1605 quod
468 1519 549 1583 adeo
561 1519 707 1605 Pyrrhus
718 1520 851 1583 miratus
864 1528 913 1582 est
926 1528 962 1582 ut
974 1520 1019 1583 di·
1031 1539 1063 1588 18

19 1612 110 1669 ceret
125 1606 156 1681 {o
175 1622 271 1689 quam
288 1602 385 1666 facile
402 1610 472 1665 erat
489 1601 576 1666 orbis
593 1604 761 1688 imperium
779 1623 944 1686 occupare,
966 1611 1022 1668 aut

18 1687 101 1751 mihi
115 1686 270 1750 Romanis
286 1685 442 1750 militibus
467 1686 561 1767 datis,
586 1695 641 1749 aut
664 1707 716 1749 me
738 1707 816 1769 rege
836 1685 990 1749 Romanis
998 1687 1019 1748 l’
1122 1700 1126 1712 '

19 1793 104 1858 quae
136 1779 243 1834 autem
271 1791 381 1834 eorum
406 1771 442 1833 in
464 1769 644 1855 reparando
673 1769 1063 1835 exercitu'festinatiolle

19 1876 96 1920 cum
123 1853 150 1916 P
192 1853 269 1918 rhus
297 1853 384 1918 idem
416 1861 454 1919 ‘o
484 1862 554 1917 me’
586 1854 691 1954 inquit
729 1852 844 1938 fplane
874 1874 1021 2000 procrea-

10 1947 92 2003 tum
155 1937 271 2001 erculis
303 1940 638 2024 semine,.cuiquas1
668 1937 709 2009 ab
742 1959 848 2021 angue
905 1958 1020 2001 ernaeo

20 2030 70 2087 tot
84 2042 180 2084 caesa
190 2020 331 2085 hostium
342 2024 448 2108 capita
457 2022 550 2108 quasi
561 2023 601 2086 de
614 2023 770 2106 sanguine
780 2042 838 2085 sno
849 2042 1020 2085 renascun-

19 2112 99 2169 tur!
128 2106 184 2190 qui
198 2113 305 2169 autem
321 2104 377 2169 ille
393 2114 522 2169 senatus
541 2105 617 2169 fuit!
635 2116 712 2181 ‘cum
728 2113 900 2190 perorante
914 2106 1020 2194 Appio
1030 2126 1063 2176 so

23 2189 130 2254 Caeco
145 2189 232 2273 pulsi
249 2208 321 2251 cnm
334 2187 520 2251 muneribus
536 2189 603 2252 suis
620 2189 661 2252 ab
678 2187 758 2251 urbe
770 2187 871 2270 legati
887 2188 1022 2252 interro-

22 2275 114 2357 ganti
130 2272 202 2355 regi
220 2293 293 2352 suo,
313 2270 391 2357 quid
410 2271 450 2334 de
467 2269 609 2334 hostium
626 2270 703 2334 sede
721 2272 891 2350 sentirent,
908 2270 1021 2333 urbem
1057 2320 1060 2325 .

10 2355 181 2442 stemplum
193 2354 256 2418 sibi
269 2355 384 2435 visam,
398 2362 545 2421 senatum
561 2376 675 2438 regum
692 2375 763 2416 esse
781 2352 1018 2416 confiterentur.

23 2441 78 2527 qui
89 2460 185 2525 porro
196 2439 260 2523 ipsi
271 2438 384 2501 duces!
402 2437 456 2501 vel
467 2439 502 2500 in
513 2439 636 2519 castris,
651 2459 724 2500 cum
733 2437 893 2500 medicum
904 2436 1060 2506 venalem

17 2525 110 2607 'regis
122 2531 218 2607 caput
229 2522 417 2587 offerentem
428 2521 544 2586 Curius
555 2522 690 2604 remisit,
699 2521 869 2585 Fabricius
881 2521 1021 2602 oblatam

23 2606 206 2753 sibiarege
224 2607 369 2691 imperii.
391 2615 493 2670 artem
509 2606 708 2692 repudiavit3
727 2604 782 2670 vel
792 2607 827 2668 in
840 2627 929 2690 pace,
949 2627 1063 2678 cumea

23 2689 142 2755 Curius
180 2689 268 2753 ctilia
287 2711 345 2755 sua
359 2629 533 2754 damnitico
551 2690 729 2781 praeferret
746 2710 834 2770 auro,
851 2689 1020 2753 Fabricius

10 2772 138 2838 adecem
154 2772 262 2858 pondo
280 2776 406 2857 argenti
423 2775 510 2837 circa
523 2773 675 2836 Rufinum
694 2772 896 2845 consularem
912 2773 1018 2838 virum

22 2857 116 2944 quasi
133 2855 293 2920 luxuriam
308 2861 454 2923 censoria
471 2858 631 2941 gravitate
644 2857 819 2920 damnaret.
852 2857 922 2942 quis
941 2875 1017 2938 ergo
1027 2867 1064 2918 23»

21 2943 157 3006 miretur
167 2939 217 3003 his
231 2941 374 3005 moribus
391 2963 429 3006 ea
446 2943 566 3005 virtute
577 2940 716 3005 militum
726 2941 902 3004 exercitum
935 2937 1022 3022 opuli

23 3025 162 3092 Romani
179 3023 290 3105 fnisse,
312 3047 440 3113 unoque
453 3024 539 3090 bello
555 3024 729 3090 Tarentino
748 3027 834 3087 intra
852 3043 914 3107 qua
954 3023 1019 3082 ien-
1105 3049 1107 3053 ·

22 3110 114 3173 nium
123 3108 299 3171 maximam
313 3118 438 3193 partem
448 3109 587 3195 Italiae,¹
597 3108 789 3175 fortissimas
800 3114 926 3193 gentes,
945 3125 1019 3188 opu

10 3191 222 3262 slentissimas
233 3190 330 3255 urbes
343 3191 584 3279 uberrimasque
596 3192 745 3276 regiones
759 3189 837 3256 subc
861 3185 950 3250 isse?
966 3195 1021 3250 aut
1030 3199 1064 3248 24

24 3274 105 3375 quid
114 3276 196 3347 adeo
207 3274 305 3340 fidem
319 3284 457 3374 superet,
473 3298 568 3364 quam
585 3277 613 3340 si
627 3276 785 3360 principia
794 3210 873 3335 belli
884 3291 957 3333 cum
966 3292 1020 3335 ex-

23 3368 72 3425 itu
83 3358 317 3425 conferantur?
333 3368 438 3423 victor
453 3361 557 3446 primo
571 3358 692 3508 proelio
704 3354 859 3443 Pyrrhus,
876 3361 945 3418 tota
957 3363 1019 3418 tre-

23 3451 132 3511 mente
151 3440 328 3532 Campania
345 3441 448 3509 Lirim
468 3444 574 3530 Frege
587 3443 698 3529 lasque
717 3438 901 3588 populat&
919 3459 1022 3530 prope

583 3622 597 3691 i
