2356 3818
137 187 177 254 72
494 197 773 250 nnonrnrmonn.

135 361 282 455 praetore
304 373 324 416 a
347 349 428 437 Syro
455 351 579 416 reditur
607 351 650 414 ad
678 349 823 414 Cilicem.
851 348 995 414 Athenio
1025 360 1131 436 pastor

135 437 303 502 interfecto
331 435 461 501 domino
490 433 646 499 familiam
672 433 834 517 ergastulo
864 431 1038 498 liberatam
1078 435 1132 499 suh

93 534 126 585 10
135 521 237 606 signis
255 520 394 586 ordinat.
413 520 483 605 ipse
500 527 592 582 veste
607 538 770 602 purpurea
787 526 1007 604 argenteoque
1018 517 1131 584 baculo

136 613 168 667 et
193 605 319 688 regium
351 604 386 666 in
415 624 537 667 morem
564 601 672 665 fronte
704 601 854 665 redimita
882 623 947 666 non
975 603 1131 668 minorem

136 709 232 775 quam
252 686 308 751 ille
330 686 490 751 fanaticus
510 685 599 768 prior
620 683 772 749 conflavit
794 686 989 767 exercitum,
1013 688 1146 751 acriuat

135 793 197 857 que
218 770 335 851 multo,
357 771 450 857 quasi
471 777 503 832 et
528 767 620 852 illum
641 767 836 851 vindicaret,
866 770 972 851 sicce,
1005 771 1131 858 oppida

134 855 268 919 castella
300 854 470 938 diripiens,
499 852 535 914 in
556 851 717 935 dominos,
742 873 936 938 quamquam
960 854 997 916 in
1021 875 1131 920 servos

92 939 284 1011 11infestius
306 938 399 1022 quasi
419 936 454 998 in
479 935 685 1035 transfugas,
704 935 878 1000 saeviebat.
902 935 1030 1003 abhoc
1060 960 1130 1026 quo

155 1044 196 1086 ue
207 1020 361 1106 praetorii
377 1019 539 1083 exercitus
556 1019 637 1101 fust,
661 1027 755 1106 capta
767 1017 885 1085 Servili
896 1028 1019 1102 castra,
1041 1043 1082 1086 ca
1103 1031 1130 1086 ta

131 1045 270 1170 duculli.
293 1101 352 1165 sed
374 1101 467 1166 Titus
489 1102 641 1189 Aquilius
662 1102 846 1188 Perpernae
868 1125 945 1166 usus
969 1045 1144 1192 exemplat
1167 1144 1168 1176 2

130 1184 340 1252 interclusum
360 1185 485 1250 hostem
510 1186 739 1251 commeatibus
761 1187 803 1251 ad
825 1196 970 1250 extrema
988 1189 1129 1275 conpulit

132 1270 407 1355 comminutasque
429 1271 537 1355 copias
560 1270 645 1334 fame
673 1271 770 1333 armis
797 1269 892 1334 facile
915 1270 1058 1355 delevit3
1081 1273 1128 1338 de·

130 1352 352 1438 didissentque
374 1375 423 1433 se,
452 1355 516 1417 nisi
545 1352 776 1439 suppliciorum
796 1363 883 1418 metu
911 1355 1128 1423 voluntariam

89 1445 264 1501 lamortem
284 1437 522 1535 praetulissent.
546 1459 585 1501 ac
610 1458 651 1501 ne
678 1437 822 1503 deduce
850 1437 981 1524 quidem
1007 1440 1126 1526 suppli*

130 1521 214 1585 cium
241 1521 329 1605 emgi
350 1523 469 1606 potuit,
500 1522 646 1608 quamvis
670 1523 767 1586 vivus
790 1525 824 1585 in
853 1545 967 1586 manus
990 1526 1125 1588 venerit.
1135 1549 1147 1589 1

129 1605 248 1690 quippe
267 1602 343 1668 dum
360 1607 446 1670 circa
463 1604 771 1703 adprehendendum
789 1627 863 1671 eum
879 1628 899 1668 a
921 1604 1125 1685 multitudine

72 1696 103 1722 ¹*
129 1688 348 1771 contenditur,
380 1691 465 1754 inter
493 1689 668 1752 rixantium
695 1689 958 1775 1111111111116111
987 1690 1125 1757 lacerata

130 1780 192 1834 est.

324 1882 418 1970 vin.
445 1899 629 1966 nnmvn
651 1884 947 1966 senariorum.

61 2041 112 2105 111,
127 2026 168 2088 20
232 2024 407 2087 Enimvero
430 2028 462 2082 et
482 2017 649 2082 servilium
673 2040 833 2082 armorum
857 2019 997 2082 dedecus
1021 2024 1142 2106 feraspt

130 2129 205 2170 nam
222 2109 283 2170 etsi
299 2127 356 2190 per
378 2103 539 2167 forttmam
556 2103 591 2166 in
609 2103 717 2168 omnia
732 2101 879 2182 obnoxii,
902 2111 1012 2167 tamen
1035 2108 1123 2194 quasi

131 2189 307 2254 secundum
329 2186 494 2250 hominum
514 2208 617 2271 genus
643 2197 718 2251 sunt
740 2196 771 2251 et
799 2188 834 2252 in
856 2186 942 2251 bona
965 2186 1123 2257 libertatis

130 2283 259 2337 nostrae
280 2268 490 2357 adoptantur:
506 2269 628 2336 bellum
649 2270 802 2358 Spartaco
825 2271 906 2337 duce
932 2275 1124 2341 concitatum

106 2377 195 2443 aquo
214 2353 343 2418 nomine
365 2354 525 2454 appellem
548 2357 672 2439 nescio;
699 2357 817 2456 quippe
840 2379 912 2420 cum
934 2358 1023 2419 servi
1045 2358 1124 2424 mili·

131 2437 286 2519 taverint,
308 2437 504 2521 gladiatores
526 2440 769 2526 imperaverint,
798 2439 847 2503 illi
870 2438 1000 2503 infimae
1027 2443 1144 2506 sortist

130 2520 290 2601 homines,
325 2521 360 2586 hi
385 2543 555 2608 pessumae
584 2544 704 2586 auxere
731 2522 880 2588 ludibriis
909 2522 1124 2591 calamitatem

130 2604 317 2668 Romanam.

105 2695 120 2745 3
154 2734 158 2741 .
214 2683 403 2771 Spartacus,
441 2686 575 2771 Crixus,
614 2687 797 2753 Oenomaus
830 2690 961 2755 effracto
994 2691 1124 2757 Lentuli

129 2768 206 2833 ludo
230 2791 303 2834 cum
324 2773 366 2836 tri
391 2774 457 2836 ‘nta
476 2771 554 2836 haut
576 2772 713 2872 amplius
736 2772 880 2837 ciusdem
907 2775 1059 2841 fortunae
1080 2777 1123 2841 vi·

128 2854 174 2918 ris
203 2876 337 2938 erupere
366 2794 525 2941 &apuam
556 2878 723 2943 servlsque
751 2854 793 2919 ad
819 2858 976 2922 vexillum
997 2860 1147 2925 vocatiso

130 2960 203 3009 cum
230 2940 339 3004 statim
366 2940 479 3004 decem
510 2939 600 3004 milia
624 2939 761 3025 amplius
791 2940 945 3022 coissent,
977 2940 1123 3007 homines

129 3023 224 3087 modo
253 3023 405 3108 effugisse
435 3025 590 3106 contenti,
614 3025 680 3087 iam
708 3031 740 3086 et
765 3024 924 3097 vindicari
958 3025 1122 3091 volebant.

105 3107 234 3190 tprima
257 3108 350 3171 sedes
374 3107 464 3171 velut
485 3107 591 3171 beluis
614 3128 706 3170 mons
728 3104 892 3171 Vesuvius
921 3108 1053 3195 placuit.
1079 3111 1124 3174 ihi

129 3189 469 3256 cumobsiderentura
481 3190 595 3255 Clodio
616 3188 748 3272 Glabro,
759 3213 818 3276 per
827 3192 938 3256 fauces
950 3193 1024 3259 cavi
1034 3216 1122 3258 mon·
1155 3254 1157 3259 ,

128 3272 171 3334 tis
182 3272 311 3336 vitineis
324 3272 593 3360 delapsivinculis
605 3273 647 3338 ad
658 3275 738 3338 imas
751 3276 820 3338 eius
832 3276 1147 3341 descendereradi·a

128 3376 181 3419 ces
194 3363 225 3417 et
237 3356 325 3419 exitu
335 3359 441 3423 inviso
449 3357 530 3422 nihil
540 3355 604 3421 tale
616 3379 634 3421 o
658 3359 776 3422 inentis
789 3359 879 3423 ducis
887 3359 993 3424 subito
1001 3356 1123 3446 ilnpetu

104 3448 235 3508 ecastra
250 3451 439 3525 rapuerunt3
464 3439 541 3504 inde
556 3440 622 3505 alia
636 3379 770 3531 leastra]
777 3491 787 3526 ,
799 3444 999 3526 Vareniana,
1015 3454 1122 3509 castra
