2356 3818
107 233 148 296 46
466 244 744 297 raomnrrrosm.

107 407 143 463 ut
164 397 323 464 destinata
343 403 445 460 morte
465 397 500 460 in
519 395 676 481 proelium
697 404 836 479 ruerent,
860 416 933 460 oum
954 417 989 460 se
1035 397 1102 461 rins

109 480 211 566 epulis
235 483 327 566 quasi
347 479 473 543 inferiis
494 479 713 564 implevissent
731 481 836 543 carnis
855 480 994 543 semicru
1019 500 1058 544 ae
1073 489 1103 544 et

108 563 224 646 celiae3
256 566 303 628 sic
329 572 447 628 vocant
471 561 657 644 indigenam
685 584 726 625 ex
746 563 905 626 frumento
926 563 1101 647 potionem.

67 656 99 708 13
109 646 305 712 intellectum
333 645 374 709 ab
396 648 587 731 imperatore
611 646 795 728 consilium,
824 647 932 731 itaque
962 667 1031 710 non
1058 656 1105 711 est

107 733 263 816 permissa
279 752 389 817 pugna
400 729 580 796 morituris.
603 751 675 792 cum
690 729 778 794 fossa
795 740 890 815 atquc
902 728 1005 793 lorica
1037 738 1123 795 uate
1171 730 1172 763 ²

108 822 243 900 tuorque
272 816 384 879 castris
413 811 625 876 circmndatos
653 813 754 876 fames
774 821 951 898 premeret,
981 834 1003 876 a
1046 835 1105 878 uae

109 906 236 962 orantes
254 897 419 984 proelium,
436 903 472 957 ut
488 903 650 980 tamquam
667 898 754 960 viros
771 897 940 977 occideret,
965 895 1024 960 ubi
1041 919 1106 963 non

39 1031 43 1041 .
70 1001 101 1051 14
110 981 331 1066 impetrabant,
347 979 468 1064 placuit
483 981 617 1064 eruptio.
642 982 688 1044 sie
706 989 855 1044 conserta
868 1001 965 1045 manu
974 979 1106 1064 plurimi

109 1066 221 1147 occisi,
248 1073 279 1128 et
301 1084 373 1126 cum
392 1071 545 1145 urgueret
567 1063 684 1145 sames,
707 1063 938 1150 aliquantisper
959 1064 1037 1127 inde
1057 1065 1103 1128 vi·

107 1156 233 1212 xerunt.
260 1146 435 1211 novissime
452 1144 621 1209 consilium
638 1147 735 1230 fugae
754 1148 853 1229 sedit,
876 1146 1015 1229 sedhop
1027 1168 1130 1233 quo-ro

108 1252 171 1315 quc
191 1231 293 1314 ruptis
320 1250 473 1322 equorum
495 1229 632 1312 cingulis
654 1252 771 1294 uxores
794 1231 957 1313 ademere,
980 1252 1103 1297 summo
1127 1279 1130 1287 .
1168 1240 1172 1275 ἓ

68 1326 99 1376 15
110 1311 230 1377 scelere
247 1335 306 1397 per
323 1334 472 1376 amorem.
501 1313 609 1398 itaque
626 1313 791 1398 deplorato
809 1317 898 1378 exitu
914 1316 949 1377 in
959 1314 1104 1378 ultimam

108 1395 232 1461 rabiem
243 1401 447 1482 furoremque
458 1397 614 1478 conversi,
626 1406 786 1482 postremo
797 1398 1011 1482 Rhoecogene
1024 1398 1104 1462 duee

76 1506 78 1519 .
110 1503 153 1563 se,
175 1502 258 1563 suos,
280 1481 417 1568 patriam
438 1481 524 1545 ferro
546 1503 680 1562 veneno,
694 1470 847 1547 ¹subiecto
864 1481 944 1566 'igne
961 1481 1104 1570 undique

65 1575 310 1651 lopercgerunt.
332 1574 435 1629 macte
450 1563 542 1653 [esse]
556 1564 762 1629 fortissimam
773 1575 805 1630 et
815 1587 885 1630 meo
898 1565 1018 1629 iudicio
1030 1564 1131 1629 bears

106 1650 264 1714 tissimam
275 1651 309 1714 in
327 1651 406 1735 ipsis
423 1649 516 1713 malis
534 1650 708 1713 civitatem.
732 1649 876 1713 adseruit
891 1671 963 1712 cum
973 1648 1039 1712 fide
1056 1654 1104 1712 so·
1170 1651 1172 1685 ³

109 1734 184 1812 cios,
203 1733 357 1818 populum
375 1734 461 1796 orbis
479 1740 637 1795 terrarum
652 1732 909 1796 viribus'fultum
926 1741 993 1795 tam
1002 1753 1105 1817 parva

107 1836 204 1879 manu
227 1823 330 1878 aetate
358 1823 425 1878 tam
446 1813 544 1896 longa
565 1814 724 1876 sustinuit.
767 1816 942 1877 novissime
963 1817 1104 1887 maximo

108 1898 190 1961 duce
212 1918 365 1980 oppressa
385 1896 505 1959 civitas.
515 1895 639 1958 nullum
660 1896 700 1959 de
724 1918 758 1959 se
779 1896 932 1979 gaudium
954 1897 1040 1961 hosti
1056 1912 1104 1962 re·

21 2016 23 2021 ·
69 1996 99 2045 17
109 1979 211 2065 liquit.
248 2000 331 2043 unus
347 1980 431 2042 enim
453 1979 505 2041 vir
520 1978 734 2057 Numantinus
755 2001 820 2043 non
842 1979 904 2042 luit
946 1981 980 2041 ui
1000 1982 1036 2042 in
1053 1999 1131 2045 caso

90 2063 191 2148 ,tenis
208 2061 393 2146 duceretur,
414 2062 543 2147 praeda,
560 2069 596 2126 ut
609 2061 648 2126 de
682 2063 880 2149 auperrimis,
893 2084 915 2125 n
950 2062 997 2124 la:
1016 2083 1106 2128 arma

109 2147 172 2232 ipsi
194 2154 427 2210 cremaverunt.
459 2145 638 2232 triumphus
659 2084 722 2211 luit
742 2156 867 2212 tantum
884 2146 924 2211 de
941 2147 1083 2211 nomine.

43 2249 79 2315 11,
88 2233 128 2299 19
192 2229 503 2318 Hactenuspopulus
515 2231 678 2296 Romanus
696 2231 837 2319 puleher,
850 2232 1008 2316 egregius,
1021 2232 1104 2315 pius,
1119 2266 1121 2275 ν

109 2324 238 2401 sanctus
261 2316 365 2403 adque
384 2310 590 2400 magnificum
613 2315 673 2380 reli
696 2339 738 2380 ua
760 2316 890 2396 saeculi,
911 2323 947 2378 ut
967 2314 1105 2398 grandia

109 2421 220 2484 aeque,
238 2400 284 2462 ita
295 2400 349 2464 vel
359 2400 462 2483 magis
479 2399 610 2464 turbida
627 2408 659 2462 et
674 2338 780 2481 laeda,
799 2396 1016 2463 crescentibus
1030 2416 1132 2461 cuma

83 2483 180 2566 ripsa
200 2482 421 2566 magnitudine
442 2483 571 2566 imperii
588 2483 692 2564 vitiis,
715 2483 794 2547 adeo
818 2491 863 2564 ut,
885 2483 913 2545 si
931 2483 1001 2567 quis
1019 2480 1104 2544 hanc

96 2563 234 2628 tertiam
256 2564 324 2627 eius
347 2566 758 2646 aetatem-transmarinam,
780 2587 875 2650 quam
896 2565 1104 2629 ducentorum

30 2678 35 2692 r
109 2667 266 2712 annorum
284 2646 428 2727 fecimus,
450 2647 582 2728 dividat,
606 2656 733 2713 centum
753 2649 812 2713 hos
832 2650 964 2734 priores,
986 2647 1103 2747 quibus
1170 2700 1172 2705 .

109 2730 263 2811 Africam,
279 2729 509 2812 Macedoniam,
529 2729 665 2817 Syriam,
682 2732 874 2830 Hispaniam
895 2733 1026 2813 domuit,
1049 2753 1102 2794 an-

84 2821 190 2897 dreos,
209 2815 291 2879 siout
308 2823 422 2900 poetae
441 2823 567 2898 canunt,
585 2815 654 2880 iure
672 2825 848 2901 meritoque
868 2816 1015 2896 fateatur,
1029 2833 1132 2879 cen-n

109 2911 176 2966 tum
195 2908 364 2985 sequentes
381 2898 502 2964 ferreos
516 2900 612 2983 plane
635 2908 667 2964 et
687 2909 834 2964 cruentos
856 2908 888 2964 et
905 2898 1028 2999 siquid
1047 2899 1103 2961 im-

108 2985 250 3066 manius3
268 2983 384 3081 quippe
401 2980 516 3067 quibus
534 3005 606 3048 cum
622 2982 832 3068 Iugurthinis,
850 2982 1031 3063 Cimbrrcis,
1043 2982 1102 3045 Mi·

108 3067 305 3149 thridaticis,
313 3065 468 3152 piraticis,
482 3065 641 3131 Parthicis
659 3067 835 3149 bellisma
855 3065 988 3132 Gallicis
1007 3073 1102 3152 atque

110 3149 320 3232 Germanicis,
338 3148 453 3236 quibus
467 3151 591 3214 caelum
600 3150 705 3234 ipsum
723 3149 827 3233 gloria
838 3150 990 3230 ascendit,
1003 3149 1102 3214 Grac·

110 3231 229 3299 ohanas
245 3233 487 3318 Drusianasque
508 3233 633 3315 caedes,
651 3233 694 3297 ad
713 3232 775 3298 hoc
797 3235 928 3300 servilia
944 3231 1030 3305 bella
1043 3234 1133 3296 mi-'³⁵

87 3317 233 3381 assuerit
244 3324 335 3398 et,.ne
346 3317 422 3403 quid
433 3316 624 3465 uaffiitudini
635 3318 726 3399 desit,
737 3318 938 3402 gladiatoria.
965 3316 1102 3402 deniqne

19 3460 24 3481 ,
112 3401 148 3473 in
160 3399 274 3485 seipse
286 3421 459 3464 conversus
511 3401 630 3486 arianis
647 3409 741 3487 atque
761 3400 910 3482 Sullanis,
927 3401 1102 3464 novissime

113 3482 246 3571 Pompei
268 3490 300 3550 et
322 3482 469 3552 Caesaris
490 3483 651 3568 manibus,
668 3486 759 3575 quasi
781 3508 839 3574 per
860 3483 983 3551 rabiem
1003 3491 1036 3549 et
1052 3483 1102 3549 fu-

21 3750 119 3778 A
