2356 3818
154 195 212 257 100
497 197 603 249 raom
625 198 790 249 armona.

151 356 258 422 culum
279 374 396 440 gerens
413 372 510 437 super
524 350 696 429 cassidem,
718 350 874 432 agitatum
885 355 975 413 motu
988 350 1133 435 corporis,

150 439 310 505 flammam
329 436 419 503 velut
440 435 566 500 ardenti
586 434 690 518 capite
711 431 905 497 funditabat.
994 488 1000 497 .
1096 492 1102 503 ,

320 569 466 636 XXVII.
488 560 672 632 BELLVM
690 564 968 631 THRAOIOVM.
1093 621 1096 625 .
1172 610 1175 618 ·

109 706 142 759 17
234 691 375 756 Thraces
386 709 452 755 oum
465 694 560 751 antea
571 707 676 770 saepe,
687 694 755 755 tum
765 686 904 750 maxima
914 684 1134 754 Rhoemetalce
1168 747 1175 757 ,.

150 797 226 860 rege
248 775 460 839 desciverant.
481 768 538 833 ille
556 768 712 833 barbaros
732 777 763 832 et
777 770 880 853 signia
892 768 1093 837 militaribus
1112 780 1144 837 eb
1168 778 1175 855 '¹

150 857 335 958 disciplina,
365 855 461 953 armis
481 853 585 951 ‚enam
609 851 763 951 Romanis
797 851 1008 950 adsueverat3
1044 865 1094 921 set
1121 877 1134 919 a
1172 913 1175 921 .

131 942 268 1031 ¹Prsona
288 939 460 1027 perdomrtr
480 958 514 999 m
532 957 603 1020 rpsa
624 943 811 1034 captrvrtate
825 935 948 999 rabrem
959 939 1132 1039 ostendere.
1172 967 1175 1005 ;

139 1027 521 1190 gffleipgffluppetpppts
545 1018 706 1083 morsibus
740 1026 948 1106 temptarent,
981 1019 1132 1109 feritaten

273 1244 282 1264 ’
339 1234 500 1300 xxvm.
529 1233 712 1299 sannam
731 1233 946 1300 nnorovn.
1095 1196 1100 1204 ’
1135 1188 1175 1286 „i

107 1373 140 1424 18
231 1352 315 1418 Daci
340 1351 501 1418 montibus
532 1352 709 1417 inhaerent.
744 1352 821 1417 inde
855 1352 1019 1418 Cotisonis
1056 1355 1130 1440 regis
1173 1424 1175 1429 ,

148 1438 302 1523 imperio,
323 1437 469 1524 quotiens
496 1445 662 1500 concretus
691 1434 766 1520 gelu
794 1434 965 1500 Danuvius
991 1437 1130 1503 iunxerat
1174 1509 1175 1527 χ

108 1522 252 1606 loripes,
286 1521 456 1586 decurrere
474 1518 628 1584 'solebant
652 1527 684 1583 et
711 1521 820 1583 vicina
840 1519 999 1606 populari.
1036 1523 1130 1607 visum
1168 1581 1175 1591 ,,

149 1613 198 1668 est
218 1603 350 1669 Caesari
373 1605 521 1702 Augusto
543 1611 678 1747 {entem
704 1601 794 1666 aditu
811 1602 1038 1668 difficillimam
1060 1625 1128 1669 sum·
1167 1596 1175 1651 ’κ

147 1709 288 1752 movere.
311 1689 409 1752 misso
428 1687 528 1769 rgitur
573 1684 681 1750 antulo
695 1685 781 1749 ultra
800 1685 987 1750 ulteriorem
999 1685 1148 1774 reppulit⁵
1173 1700 1175 1756 ζ

147 1772 267 1855 ripam3
288 1773 369 1834 citra
390 1767 553 1855 praesidia
575 1770 757 1832 constituta.
787 1769 834 1832 sic
860 1779 928 1833 tum
948 1770 1059 1835 Dacia
1077 1789 1128 1835 non

147 1854 248 1935 victa,
269 1854 327 1918 sed
346 1860 503 1916 summota
524 1859 620 1936 atque
642 1850 742 1913 dilata
761 1859 819 1913 est.
1122 1860 1125 1865 '

285 1986 464 2052 XXVIIII.
492 1984 676 2056 BELLVM
691 1985 998 2055 SARMATIOVM.

104 2117 138 2167 20
233 2103 397 2169 Sarmatae
437 2103 598 2169 atentibus
612 2126 683 2169 cam
705 2105 734 2175 is
747 2103 935 2203 inequitant.
958 2113 990 2168 et
1004 2105 1067 2173 hos

149 2188 285 2255 eundem
302 2125 476 2253 Lentulbm
495 2187 666 2275 prohibere
722 2208 839 2252 anumo
863 2187 1035 2255 satisfuit.
1112 2191 1149 2248 'a

169 2281 276 2336 raeter
295 2275 387 2337 nives
408 2274 539 2359 pruinas
562 2296 602 2338 ue
625 2282 657 2338 et
677 2272 776 2337 silvas
798 2270 927 2336 habent.
955 2281 1051 2339 tanta
1070 2275 1129 2341 ba·

85 2404 87 2409 .
147 2296 239 2419 baria
261 2365 324 2439 est,
351 2366 387 2421 ut
407 2378 468 2420 neo
486 2296 676 2442 intillegant
694 2378 817 2442 pacem.

310 2485 424 2549 XXX.
455 2486 640 2552 BELLVII
661 2487 972 2554 GERMANIOVM.

104 2612 136 2665 21
232 2598 437 2678 Gennaniam
460 2620 586 2688 quoque
606 2605 730 2669 utinam
752 2604 883 2668 vincere
903 2607 985 2669 tanti
1000 2628 1068 2673 non
1082 2630 1130 2695 pu·

138 2681 263 2745 'mereti
285 2682 389 2767 magis
403 2686 540 2771 turpiter
553 2686 671 2750 amissa
691 2695 740 2751 est
761 2709 857 2773 quam
870 2688 1010 2773 gloriose
1024 2692 1070 2757 ad
1090 2693 1152 2757 ui·²⁵

104 2767 137 2819 22
148 2765 219 2829 sita.
238 2774 287 2828 set
300 2775 456 2852 quatenus
467 2768 592 2833 sciebat
605 2779 729 2854 patrem
743 2792 837 2835 suum
850 2771 886 2836 Ο.
902 2772 1078 2841 Caesarem
1109 2776 1132 2839 is
1174 2825 1175 2829 ,

145 2857 365 2914 transvectum
381 2862 478 2936 ponte
496 2852 645 2918 Rhenum
663 2854 828 2938 quaesisse
845 2855 980 2939 bellum,
1002 2858 1040 2922 in
1052 2857 1133 2925 illiue
1174 2856 1175 2863 '

144 2930 298 2998 honorem
314 2934 520 3034 concupierat
531 2936 863 3022 facereprorinoiam3
884 2948 916 3004 et
927 2940 1133 3021 factumerat,

145 3015 1133 3109 sibarbaritanavrtianostraquamimperiaferrapotuissent.

228 3101 348 3166 Missus
368 3102 403 3166 in
424 3123 494 3167 eam
512 3105 711 3188 provinciam
729 3104 856 3171 Drusus
897 3109 996 3171 rimos
1014 3100 1155 3175 domuitn

105 3183 138 3235 23
147 3180 312 3269 Vsipetes,
339 3185 414 3251 inde
442 3186 617 3251 Tencteros
641 3190 804 3287 percurrit
826 3199 857 3254 ct
875 3129 1025 3256 llatthos.
1064 3213 1134 3256 nam

147 3262 445 3334 Marcomannorum
459 3269 573 3369 spoliis
592 3279 623 3334 et
639 3273 820 3358 insignibus
838 3275 998 3359 quendam
1014 3276 1133 3369 editpm

103 3348 346 3416 ratumulumin
365 3362 490 3438 tropaer
501 3353 630 3418 modum
651 3355 801 3422 excoluit.
825 3358 900 3423 inde
917 3356 1132 3425 validissimas

145 3431 291 3496 nationes
319 3434 499 3516 Cheruscos
527 3435 715 3526 Suebosque
742 3449 773 3505 et
797 3439 980 3506 Sicambros
1013 3443 1132 3529 pariter
