2356 3818
57 92 60 97 ’
138 112 179 178 88
403 169 409 185 ,
491 125 770 176 ruomnrrroun

137 278 273 365 amplius
300 296 397 375 quarn
425 276 624 357 occiderent,
653 277 688 339 in
712 275 820 341 modio
845 274 961 341 ardore
983 298 1127 363 pugnan-

135 363 216 427 tium
248 358 353 440 subito
386 361 420 423 in
462 383 501 424 ns
532 360 616 422 inter
645 367 797 444 utrosque
822 358 1003 442 silentium,
1040 360 1127 446 quasi

94 461 125 512 81
137 445 341 508 convenisset
368 452 400 506 et
449 444 479 507 ‘c
505 443 646 506 omnium
673 463 785 505 sensus
814 450 930 505 esset‘
985 465 1006 508 o
1029 466 1069 507 us
1090 465 1126 508 ue

134 527 299 591 bellum?'
321 527 496 590 novissime
518 525 705 588 inusitatum
727 523 876 589 Caesaris
889 546 927 588 oc
964 527 992 590 ’s
1019 466 1126 591 nelbs:

133 619 207 696 post
227 608 482 696 quattuordecim
499 628 600 672 annos
617 606 754 692 probata
771 616 1000 672 veteranorum
1015 630 1140 687 manusc
1169 652 1170 659 κ

134 692 284 840 {¹⁸th
301 691 683 858 {butticella
701 691 942 837 ellmn‘tlltll.
962 691 1125 839 {iffi

95 798 246 945 sridbue
272 859 327 923 ille
357 856 505 940 ablegato
534 878 616 942 equo
644 857 671 919 si
707 857 757 919 ''s
784 855 904 920 furenti
928 858 1071 941 primam
1095 859 1125 921 in

136 944 237 1005 aciem
265 939 435 1025 procurrit.
472 939 519 1003 ibi
545 961 698 1025 prensare
727 939 896 1023 fugientis,
936 941 1125 1004 confirmare

136 1023 322 1107 signiferos,
345 1043 437 1086 orare
453 1021 575 1087 hortari
592 1023 774 1107 increpare,
816 1044 851 1085 er
868 1030 969 1086 totum
987 1023 1143 1110 deniquet
1167 1050 1170 1079 ι

91 1114 156 1168 aaa
212 1127 253 1167 en
279 1103 379 1168 oculis
406 1105 553 1170 manibus
587 1107 726 1170 clamore
758 1045 906 1169 voditare.
944 1106 1065 1170 dicitur
1094 1106 1124 1169 in

134 1127 454 1271 illdnperturbatione
474 1198 514 1253 et.
527 1189 570 1254 de
592 1189 744 1253 extremis
766 1189 908 1272 agitasse
930 1209 1042 1252 secum
1063 1210 1123 1252 ma

135 1269 318 1355 nifastoque
340 1269 431 1336 voltu
450 1271 568 1355 fuisse,
590 1273 683 1372 quasi
705 1292 863 1356 occupare
878 1280 1016 1336 mortem
1030 1293 1124 1335 manu

134 1352 248 1435 vellet;
275 1353 338 1416 nisi
359 1355 506 1420 cohortes
525 1356 666 1421 hostium
683 1356 823 1440 quinque
834 1376 892 1439 per
908 1363 1123 1418 transversam

135 1437 238 1501 aciem
269 1446 376 1520 actae,
414 1459 494 1525 quas
527 1436 691 1504 Labienus
722 1436 977 1522 periclitantibus
1011 1438 1143 1503 castrias

91 1520 296 1607 &praesidio
325 1522 473 1602 miserat,
503 1524 642 1606 speciem
670 1520 767 1665 fuglae
795 1519 1029 1604 praebuissent.
1066 1520 1123 1587 hoo

134 1611 191 1667 aut
212 1612 243 1667 ct
265 1605 334 1689 ipse
356 1604 494 1669 credidit
515 1612 570 1667 aut
590 1604 660 1667 'dux
680 1601 815 1666 calidus
833 1605 968 1688 arripuit
983 1603 1019 1665 in
1037 1625 1122 1669 occa

135 1687 274 1766 sionem,
306 1694 346 1761 et
358 1688 451 1784 quasi
473 1686 508 1748 in
529 1685 690 1769 fugientes
713 1693 746 1747 et
765 1686 831 1748 iam
852 1686 955 1749 victos
977 1686 1076 1751 simul
1095 1694 1122 1751 et

135 1789 265 1832 suorum
292 1776 396 1831 ererut
421 1769 544 1831 animos
572 1775 603 1830 et
633 1767 734 1829 hostis
754 1767 901 1850 perculit.
934 1790 1009 1830 nam
1031 1768 1121 1850 ethi,

134 1850 210 1915 dum
235 1871 269 1911 se
290 1857 405 1933 putant
426 1851 572 1930 vincere,
601 1848 715 1913 lortius
738 1850 844 1933 sequi,
871 1857 903 1911 et
925 1850 1143 1936 Pompeianis

92 1951 125 2003 85
135 1933 211 1996 dum
237 1930 350 2014 sugere
376 1931 511 1995 credunt
531 1952 620 2011 suos,
654 1930 767 2014 sugere
788 1940 970 2015 coeperunt.
1005 1944 1122 2018 quanta

135 2015 233 2078 fuerit
259 2015 294 2076 in
314 2011 459 2079 hostibus
481 2013 654 2079 caedendis
676 2015 725 2079 ira
745 2011 915 2099 rabiesque
936 2015 1121 2099 victoribus,

135 2099 182 2161 sic
208 2097 374 2161 aestimari
399 2106 520 2197 potest,
552 2098 639 2184 quod
660 2119 680 2161 a
699 2095 822 2182 proelio
842 2095 973 2183 profugi
995 2119 1071 2167 cum
1091 2121 1122 2163 ss

133 2180 288 2245 Mundam
310 2190 520 2267 recepissent,
541 2191 574 2246 et
593 2181 714 2246 Cacsar
738 2179 880 2244 obsideri
896 2182 1004 2243 statim
1021 2184 1122 2247 victos

133 2266 336 2348 imperasset,
366 2268 527 2350 congestis
555 2263 768 2329 cadaveribus
789 2284 890 2346 agger
912 2263 1043 2327 effectus
1068 2272 1170 2347 esta¹

135 2367 217 2433 quae
241 2346 415 2431 phalaricis
441 2349 642 2433 tragulisque
665 2346 793 2411 confixa
812 2347 895 2408 inter
917 2367 952 2408 sc
971 2344 1123 2411 teneban-

93 2434 127 2486 86
135 2438 201 2508 tur,
221 2465 264 2477 —
285 2428 415 2492 foedum
435 2432 543 2493 etiam.
557 2433 592 2493 in
618 2429 785 2494 barbaros.
816 2427 874 2490 sed
899 2428 1053 2493 videlieet
1079 2432 1123 2495 vi·

135 2509 269 2573 ctoriam
291 2509 535 2593 desperantibus
551 2511 685 2596 Pompei
707 2509 834 2591 liberis,
857 2509 984 2574 Gneum
1001 2512 1123 2597 proelio

156 2590 319 2674 rolugum,
347 2614 439 2656 crure
453 2595 626 2674 ’saucium,
657 2593 784 2656 deserta
812 2600 844 2656 et
870 2595 944 2657 avia
963 2604 1124 2678 petentem

132 2614 311 2740 llaesonius
339 2684 416 2760 aput
441 2675 623 2740 Lauronem
650 2698 668 2739 o
690 2675 801 2760 pidum
829 2687 1035 2759 consecutus,
1066 2700 1150 2763 pua

89 2757 1124 2909 ⁸⁷lllllhmfauileinnillilaeililillla‘.0lhifiiil⁵

134 2946 196 3009 que
240 2932 290 2987 ost
308 2922 479 2989 Caesarem
499 2924 594 2990 bellis
616 2925 768 2989 servavit.

93 3013 127 3063 88
216 2945 342 3071 1daesar
368 3009 403 3070 in
424 3010 562 3092 patriam
586 3010 692 3072 victor
712 3007 893 3090 invehitur,
924 3011 1063 3093 primurn
1086 3008 1125 3075 de

135 3088 243 3152 Gallia
262 3089 458 3174 triumphum
478 3090 625 3154 trahens:
643 3089 697 3153 hic
716 3098 785 3154 erat
800 3089 932 3154 Rhenus
950 3099 981 3154 ct
996 3090 1152 3158 Rhoda-u

136 3192 196 3234 nus
226 3180 258 3235 et
285 3195 327 3236 ex
347 3194 426 3236 auro
449 3175 594 3258 captivus
616 3172 775 3236 Oceanus.
809 3172 911 3237 altera
930 3173 1040 3237 laurus
1061 3174 1125 3241 Ae-

158 3254 264 3339 yptia:
298 3263 374 3319 tunc
397 3257 432 3319 in
456 3256 586 3319 ferculis
607 3254 718 3337 Nilus,
746 3257 886 3321 Arsinoe
908 3264 939 3319 et
962 3256 1005 3320 ad
1028 3258 1126 3321 simu·

90 3275 255 3400 ablatorum
282 3338 406 3421 ignium
434 3338 552 3403 ardens
578 3337 714 3402 Pharos.
747 3340 861 3403 tertius
889 3339 930 3402 de
956 3338 1126 3407 Pharnace
