2356 3818
135 196 176 257 40
485 188 766 254 mournrmons.

137 367 168 423 et
180 355 373 422 Macedonas
385 364 420 419 ut
435 357 530 421 tertio
550 375 675 442 quoque
692 357 908 436 vincerentur,
925 355 1065 421 eodemt

112 456 127 504 2
158 462 214 504 ore
237 439 302 503 utri
323 461 363 503 ue
384 461 474 503 arma
493 446 671 502 moverunt.
701 439 759 503 sed
776 439 863 523 prior
880 440 993 522 iugum
1013 463 1065 505 ext

172 523 280 603 acedo,
292 461 454 608 aiiquanto
467 543 561 609 quam
577 529 651 584 ante
662 522 801 604 gravior,
819 523 895 586 dum
905 529 1065 589 contemni

111 620 235 671 acausa
252 602 330 670 belli
346 629 445 705 prope
465 603 692 669 erubescenda.
722 607 838 752 ‹ppippe
859 614 995 688 regnum
1012 631 1065 692 par

137 700 168 754 et
188 688 309 754 ballum
328 712 380 754 vrr
403 689 534 761 ultimae
557 688 652 751 sortis
672 688 726 751 An
766 690 851 752 iscus
871 690 1055 773 invaserat,

134 773 224 837 bium
244 771 326 836 liber
354 795 396 836 an
417 792 544 850 servus,
571 774 809 835 mercennarius
838 780 940 854 certe3
969 775 1030 838 scd
1058 800 1065 838 r

134 857 233 942 vulgo
257 854 424 940 Philippus
446 854 565 919 Persae
588 853 673 918 filius
701 853 891 936 vocabatur,
919 857 1046 938 regiam

134 961 235 1022 mam,
258 939 382 1022 regium
401 957 516 1000 nomen
523 985 532 1018 ,
556 939 696 1001 animum
718 959 843 1024 quoque
865 939 950 1021 regis
972 940 1065 1026 imple

110 1021 329 1108 rigandum
348 1019 428 1083 haec
444 1020 514 1104 ipsa
536 1022 710 1085 contemnit
730 1022 866 1106 populus
884 1021 1061 1106 Romanus,

135 1106 244 1170 ventio
261 1110 408 1188 praetore
424 1112 601 1185 comentur,
622 1105 728 1167 virum
745 1126 810 1167 non
825 1102 1046 1171 Macedonicis

136 1189 177 1252 do
199 1186 257 1251 sed
277 1185 434 1250 Thraciae
461 1208 586 1333 quogluc
614 1187 744 1251 auxiliis
773 1187 957 1271 ingentibus
983 1191 1065 1255 valir'

135 1278 254 1333 temere
271 1270 440 1354 temptavit
453 1271 530 1333 inve
545 1270 625 1351 dus,
643 1271 760 1355 quique
775 1292 840 1336 non
854 1292 874 1333 a
887 1274 972 1335 veris
984 1275 1065 1358 regii

110 1351 176 1419 aab
197 1351 253 1416 illo
270 1351 460 1436 imaginario
482 1361 513 1416 et
530 1355 677 1419 scaenico
699 1375 776 1438 rege
797 1364 963 1439 superatus
982 1367 1042 1421 est.

136 1434 248 1500 consul
268 1433 418 1499 Metellus
439 1437 592 1500 amissum
616 1459 689 1500 cum
709 1437 739 1501 le
765 1439 836 1502 'one
856 1448 1037 1522 praetorem
1064 1465 1065 1472 ¹

134 1519 266 1583 nissime
287 1519 374 1583 ultus
396 1528 454 1583 est.
487 1540 562 1584 nam
584 1530 616 1585 et
637 1460 857 1589 Maceddniam
877 1520 1065 1587 servitutes¹

122 1604 216 1667 'tavit
242 1612 274 1666 et
294 1601 408 1667 ducem
434 1603 512 1667 belli
534 1604 677 1668 deditum
704 1603 805 1681 abeo
834 1605 875 1668 ad
897 1626 991 1690 quem
1019 1629 1065 1670 cor

157 1694 225 1750 erat
255 1685 412 1750 Thraciae
443 1687 554 1769 regulo
585 1689 619 1749 in
645 1685 758 1750 urbem
785 1689 819 1750 in
841 1689 961 1751 catenis
987 1691 1065 1754 redu

105 1772 110 1783 ‘
133 1709 195 1832 icc
211 1790 273 1852 quo
296 1769 403 1836 ire-illi
419 1769 453 1829 in
469 1769 563 1831 malis
581 1770 647 1832 suis
667 1769 853 1853 indulgente
872 1771 1012 1853 fortuna,
1034 1784 1065 1838 ut

134 1871 171 1933 eo
192 1871 255 1934 pop
290 1872 328 1917 us
345 1851 507 1914 Romanus
532 1852 624 1934 quasi
647 1849 688 1915 da
708 1872 786 1933 rege
806 1872 884 1916 vero
905 1855 1065 1939 triumpha

232 1979 363 2043 xxxa
387 1963 570 2044 ananum
592 1978 795 2044 Pvmovnr
815 1980 1028 2047 nuaram.

65 2123 100 2186 11,
110 2105 149 2175 15
217 2096 363 2161 Tertium
372 2086 530 2161 Punicum
540 2097 660 2161 bellum
671 2105 703 2161 et
718 2106 860 2184 tempore
873 2099 1026 2182 exiguum
1040 2106 1065 2191 (r

133 2181 341 2274 quadriennio
351 2189 478 2267 raptum
489 2181 550 2282 est)
561 2183 634 2247 etin
642 2184 909 2282 comparationem
918 2184 1062 2267 priorum

133 2269 255 2336 nimum
271 2265 381 2332 labore
400 2270 478 2351 (non
496 2288 582 2335 enlm
596 2275 663 2330 tam
681 2287 753 2347 epm
768 2289 847 2331 vrns
859 2289 955 2351 quam
973 2275 1065 2334 cumi

133 2351 213 2419 urbe
229 2359 405 2436 pugnatum
423 2351 538 2496 maliet
553 2350 648 2436 plane
663 2351 838 2413 maximum
855 2359 986 2415 aventu:
1008 2356 1065 2438 qui

107 2434 262 2503 atandem
278 2433 439 2516 Carthago
514 2441 548 2496 ta
559 2442 617 2496 est.
645 2432 765 2517 adquin
775 2434 804 2496 si
814 2434 884 2517 quis
895 2435 991 2497 trium
1017 2458 1065 2500 em

19 2538 22 2543 ·
133 2539 204 2582 rum
224 2523 384 2578 momenta
401 2515 595 2596 consideret,
620 2515 721 2598 primo
738 2516 941 2580 commissum
965 2525 1012 2581 cst
1028 2519 1065 2583 Pr

134 2621 207 2664 cum
216 2596 351 2677 bellum,
368 2596 572 2681 profligatum
584 2597 733 2678 secundo,
750 2599 843 2663 tertio
855 2621 932 2663 vero
945 2601 1065 2666 confeci

109 2690 193 2747 3est.
223 2679 280 2744 scd
297 2680 391 2743 huius
409 2700 504 2742 causa
520 2678 613 2761 belli,
639 2680 725 2765 quod
736 2690 846 2746 contra
863 2682 1002 2747 foederis
1019 2684 1065 2770 leg

136 2765 291 2831 adversus
303 2761 458 2826 Numidas
472 2762 613 2849 quidem,
632 2763 689 2826 sed
703 2774 871 2862 parassent
883 2765 1017 2830 classem
1030 2779 1061 2831 ct

109 2846 278 2918 remitum.
300 2847 451 2932 frequens
463 2854 570 2910 autem
582 2846 772 2910 Massimssa
782 2847 855 2911 finis
866 2850 1051 2933 territabat3

134 2934 209 2998 huic
218 2939 254 2994 ut
266 2927 349 3017 bono
362 2930 511 3014 socioque
522 2932 593 3014 regi
604 2929 783 2994 fovebatur.
803 2953 875 2994 cum
887 2933 1022 2998 debello
1036 2957 1065 2998 sc

135 3025 198 3098 ret,
217 3014 258 3079 do
268 3013 346 3079 belli
356 3013 419 3076 fine
429 3020 599 3077 tractatum
610 3021 667 3077 est.
695 3012 775 3079 Cato
786 3015 975 3099 inexpiabili
986 3018 1059 3081 odio

135 3097 263 3162 lendam
281 3119 351 3163 esse
366 3095 608 3180 Carthaginem,
626 3105 746 3160 etcum
763 3097 802 3161 de
821 3097 883 3163 alio
896 3101 1065 3164 consulere

110 3180 375 3266 5pronuntiabat,
394 3177 500 3264 Scipio
511 3177 629 3244 Nasica
640 3181 846 3263 servandam,
862 3204 904 3245 nc
915 3191 1001 3245 metu
1016 3184 1065 3247 ab]

111 3312 114 3320 .
136 3263 441 3328 aemulaeluxuriari
452 3250 589 3325 felicitas
598 3261 688 3325 urbis
699 3264 868 3349 inciperct3
881 3266 1065 3332 mediumse

114 3352 191 3412 otus
204 3343 309 3428 elegit,
320 3355 356 3410 ut
365 3345 442 3410 urbs
453 3353 575 3409 tantum
586 3344 656 3429 loco
666 3357 857 3412 moveretur.
870 3348 951 3411 nihil
958 3351 1043 3413 enim
1055 3375 1065 3414 s

87 3492 89 3496 Α
141 3427 258 3492 eiosius
273 3428 443 3494 videbatur
460 3450 554 3516 quam
566 3450 636 3493 esse
652 3428 893 3517 Carthaginem,
912 3454 993 3517 quae
1010 3457 1065 3500 nor
