2356 3818
235 225 340 271 menn
356 223 582 277 uranonmms.
610 208 668 272 VI.
685 209 760 273 VII.
784 211 877 276 VIII.
1040 221 1060 292 7

56 389 94 446 et
110 378 264 458 Icarium,
307 399 369 440 uae
384 376 558 441 adhaerent
572 377 704 461 Aegaeo
718 381 816 461 mari,
839 381 921 445 illud
937 405 958 446 a
973 383 1061 469 Myr-

44 464 133 544 tilo,
155 462 216 525 hoc
237 461 278 525 ab
287 400 394 525 charo
414 461 655 545 cognominata,
675 462 856 545 Euxinum,
878 465 1085 550 Ponticum,5

57 547 148 634 quod
167 546 292 628 ingenti
313 546 385 609 sinu
405 543 535 630 Scythis
555 544 754 629 infunditur,
781 547 1060 633 Hellesponticum

56 633 155 696 fauce
175 629 399 692 transmissum
419 630 504 692 inter
520 627 600 692 duas
622 629 848 695 celeberrimas
870 633 983 715 urbes,
1006 634 1062 700 Se·

30 724 135 781 seton
153 713 242 779 Euro
266 734 318 795 ae,
347 711 489 798 Abydon
507 712 625 795 Asiae,
653 712 871 797 Tanaiticum,
901 737 964 803 quo
981 718 1063 782 Asia

56 799 209 879 alluitur,
235 736 432 882 Aegyptium
459 795 500 859 ab
529 797 580 860 Ae
648 806 698 879 to,
725 798 887 898 Libycum
915 823 935 864 a
955 799 1063 886 Libya

56 882 322 967 cognominatur,
348 879 510 965 Syrticum
531 901 551 942 a
573 818 698 944 [idalius
715 880 866 968 Syrtrbus
887 884 1061 970 reciprocis

57 966 204 1032 aestibus
224 973 439 1050 retorquetur.

288 1096 384 1161 VIII.
418 1096 655 1167 MIRACVLA
677 1098 837 1171 MVNDI.

21 1252 49 1293 ω
144 1217 304 1284 Miracula
343 1237 405 1281 uae
426 1219 461 1281 in
481 1220 576 1283 terris
599 1228 684 1284 sunt.
727 1218 781 1287 Ab
799 1207 975 1307 Apollonia
995 1220 1086 1299 †et1

59 1303 274 1369 cathamantie
288 1302 332 1365 mi
348 1302 378 1364 'a
391 1322 505 1388 passus
525 1305 666 1390 quinque
680 1305 715 1369 in
730 1314 838 1370 monte
853 1303 1061 1391 Nymphaeo:

57 1389 107 1452 ibi
127 1387 213 1471 ignis
237 1395 285 1450 est
308 1394 340 1450 et
361 1387 401 1449 de
422 1395 509 1455 terra
535 1389 602 1450 exit
622 1387 761 1452 flamma.
805 1388 846 1452 In
863 1390 947 1453 silva
960 1389 1062 1452 Panis

58 1470 253 1558 symphonia
269 1471 303 1533 in
319 1469 473 1555 oppidum
492 1470 631 1534 auditur.
666 1471 749 1535 Item
766 1472 826 1536 sub
843 1495 881 1537 eo
899 1481 1008 1538 monte
1028 1474 1064 1536 in

59 1577 173 1640 campo
195 1554 285 1618 lacus
313 1575 415 1643 aquae
436 1554 541 1640 pleni3
572 1554 648 1618 inde
672 1556 732 1641 pix
753 1558 822 1623 exit
846 1565 878 1621 et
899 1557 1062 1620 bitumen:

23 1658 134 1704 escum
159 1636 308 1702 manibus
337 1636 527 1724 subplodas,
556 1638 616 1737 pix
642 1638 707 1703 alte
734 1639 893 1704 attollitur
915 1649 946 1704 et
968 1640 1064 1725 quasi

58 1725 101 1789 ab
118 1744 202 1809 aqua
215 1720 375 1787 bullescit.
419 1721 612 1786 Ambraciae
628 1723 664 1786 in
674 1722 775 1809 Epiro
793 1726 827 1787 in
843 1724 968 1810 pariete
985 1730 1088 1791 sunta

57 1809 138 1895 picti
160 1805 275 1872 Castor
297 1815 328 1870 et
349 1805 469 1871 Pollux
494 1815 526 1870 et
545 1805 673 1871 Helena
699 1830 797 1872 manu
823 1807 1062 1888 autochthonis,

59 1901 92 1958 et
117 1911 211 1955 nemo
239 1912 280 1954 ne
302 1912 344 1954 ue
371 1890 517 1953 invenire
538 1900 646 1976 potest
671 1893 743 1978 quis
764 1893 916 1991 pinxerit.
960 1892 1089 1976 Argist

60 1979 96 2040 in
106 1974 207 2060 Epiro
223 1913 309 2061 quod
320 1974 564 2060 Hippobotona
610 1974 740 2039 ellatur:
763 1976 810 2039 rbi
827 1997 910 2062 pons
922 1996 1063 2060 magnus

25 2059 260 2124 rocolumnatus
283 2056 418 2143 duplex,
445 2080 541 2143 quem
598 2059 679 2123 edea
698 2059 865 2123 aedificari
884 2060 1062 2145 imperasse

59 2144 176 2208 sertin.
232 2141 284 2205 Ibi
314 2142 402 2227 picta
434 2150 508 2204 sunt
538 2140 760 2225 gubernacula
788 2145 1061 2226 Argonautarum,

58 2228 184 2374 Quae
211 2234 326 2374 coepta
355 2225 465 2287 navis:
500 2224 547 2289 ibi
576 2224 665 2289 Iovis
691 2226 846 2311 templum
872 2226 1062 2311 Trophonii,

57 2333 104 2376 un
127 2331 145 2374 e
166 2319 254 2374 esta
296 2309 416 2373 inferos
438 2308 613 2373 descensus
636 2309 680 2373 ad
700 2309 861 2374 tollendas
883 2319 1003 2373 sortes:
1026 2310 1062 2374 in

58 2417 123 2482 quo
152 2393 222 2459 loco
254 2393 404 2457 dicuntur
431 2394 455 2456 ii
477 2393 533 2478 qui
560 2392 796 2458 descenderunt
817 2393 930 2458 Iovem
954 2394 1062 2479 ipsum

26 2478 184 2543 revidere.
228 2477 378 2548 Leucade
396 2499 505 2559 mons,
533 2476 619 2541 unde
641 2499 676 2541 se
699 2476 828 2564 Sappho
850 2479 968 2543 deiecit
989 2491 1088 2564 pro-4

57 2571 132 2650 pter
147 2562 267 2625 virum:
290 2564 324 2625 in
342 2584 464 2626 summo
481 2570 589 2626 monte
607 2561 719 2626 fanum
739 2571 788 2626 est
805 2560 985 2649 Apollinis,
1004 2560 1063 2626 ubi

58 2666 154 2712 sacra
174 2646 270 2728 fiunt3
293 2655 325 2710 et
346 2668 418 2710 cum
438 2645 532 2712 homo
547 2646 623 2710 inde
643 2646 789 2729 desiluit,
811 2648 919 2712 statim
942 2647 1015 2711 cxci
1036 2646 1061 2710 i·

56 2741 112 2796 tur
133 2729 293 2794 lintribus.
337 2729 476 2816 Sicyone
496 2731 531 2793 in
542 2729 667 2794 Achaia
686 2733 722 2794 in
742 2731 813 2796 foro
835 2730 925 2796 aedis
936 2731 1009 2816 Apo
1037 2730 1087 2802 25

57 2815 111 2881 nis
133 2823 196 2878 est:
219 2815 253 2877 in
275 2836 313 2877 ea
332 2814 564 2900 suntpositaA
588 2816 786 2879 amemnonis
804 2816 927 2902 clipeus
947 2822 979 2877 et
995 2833 1061 2876 ma-

25 2897 194 2980 achaera,
214 2897 322 2962 Ulixis
344 2898 489 2985 chlamys
510 2907 541 2962 et
564 2906 578 2960 t
601 2900 759 2981 oraoium,
780 2899 899 2963 Teucri
925 2898 1062 2980 sagittae

59 2990 93 3047 et
120 3002 231 3064 arcus,
262 2981 397 3046 Adrasti
420 3003 510 3063 arca,
534 3002 631 3067 quam
653 2981 817 3067 deposuit,
840 2983 875 3044 in
900 3002 964 3067 qua
983 2980 1062 3065 quid

57 3065 103 3129 sit
129 3066 313 3149 ignoratur3
347 3066 405 3129 sed
427 3075 461 3129 et
481 3065 548 3131 olla
567 3086 663 3129 aerea
684 3068 719 3128 in
740 3087 804 3152 qua
820 3065 928 3129 Pelias
951 3071 1061 3127 coctus

57 3148 193 3213 dicitur:
208 3151 286 3213 item
296 3149 480 3213 Palamedis
492 3150 635 3214 litteraet
655 3150 807 3235 Marsyae
818 3158 925 3213 autem
936 3146 1061 3232 'squae-

81 3253 143 3296 uae
171 3235 309 3314 corium,
343 3234 424 3297 remi
444 3233 706 3317 Argonautarum
727 3254 800 3296 cum
820 3229 1059 3317 gubernaculis.

21 3255 234 3391 aiBrachia
252 3316 409 3398 calculus,
432 3339 527 3404 quem
537 3317 686 3380 Minerva
703 3319 816 3381 sortita
832 3324 881 3380 est
893 3314 933 3379 de
945 3311 1061 3379 Oreste
1142 3338 1148 3349 ⁸

58 3399 150 3464 ”⁸2
178 3423 243 3464 una
268 3400 359 3486 proci
384 3401 520 3487 parasiti
545 3400 634 3486 palla
656 3401 792 3487 pendet,
821 3421 917 3487 quam
938 3399 967 3462 si
988 3398 1060 3483 quis

57 3483 164 3551 halitu
183 3485 359 3569 afflaverit,
386 3493 455 3550 tota
475 3483 601 3571 patefit:
628 3484 811 3572 Penelopae
830 3483 906 3550 tela.
948 3480 1003 3546 Ibi
1019 3479 1063 3542 de
