2348 3818
479 118 831 203 ruralium.

185 410 302 489 Lucii
329 428 483 501 Ampelii
514 433 648 499 quotquot
679 444 752 484 nunc
788 429 1017 486 circumferuntur
1049 430 1170 487 editione

165 534 204 572 es
224 513 366 569 fluxerunt
383 528 418 567 ex
435 511 567 568 Salmasii
583 510 719 580 editione,
742 514 789 583 qui
807 513 913 583 primus
931 514 1029 568 librum
1051 518 1166 570 memori

186 596 283 654 edidit
302 597 384 653 Floro
413 595 554 651 adiectum.
570 595 659 666 Lugd.
679 595 740 650 Bat.
765 601 848 664 1638:
877 601 1091 654 commentarius
1118 615 1169 653 ver

156 700 186 740 m
206 697 241 738 se
262 697 328 736 mox
342 680 446 752 publici
463 680 531 735 iuris
550 680 685 734 iacturum
701 681 840 750 pollicitus
858 687 932 747 erat,
963 698 1115 753 numquam
1131 699 1174 755 pr

127 764 168 837 't,
191 763 274 822 unde
293 766 395 820 laetum
414 770 471 831 est,
494 769 523 817 ut
541 778 613 833 quae
630 764 764 818 lectiones
777 764 884 819 codicis
901 766 1063 820 auctoritate
1080 766 1166 821 nitere

123 838 128 845 ’
169 864 306 923 quaeque
329 847 468 905 Salmasio
492 847 674 913 deberentur,
706 862 795 918 usque
819 847 856 901 ad
882 847 956 901 hunc
979 847 1053 902 diem
1074 850 1151 921 ignot

167 941 191 990 t.
232 932 399 988 Dukerus
416 934 520 1002 primus
540 928 576 983 ad
593 931 699 984 calcem
715 930 790 984 Flori
808 931 966 1001 Ampelium
983 938 1108 987 nostrum
1126 940 1173 987 not

147 1018 253 1086 traxit,
276 1017 374 1087 paucis
393 1015 448 1071 lllls
461 1013 573 1086 quidem
585 1014 637 1068 sed
649 1014 755 1083 docu‘s,
775 1014 905 1069 adhibitis
922 1015 1003 1069 simul
1015 1015 1163 1071 Perizon

146 1100 303 1159 Heinsii
331 1100 552 1170 exemplaribus,
582 1098 628 1168 qui
654 1098 828 1153 coniecturas
860 1114 927 1153 suas
949 1099 1122 1170 marginibus
1149 1117 1166 1155 a

110 1170 115 1181 ’
133 1188 298 1259 ripserant:
322 1184 441 1238 accessit
452 1199 541 1253 nuper
552 1181 721 1237 Tzschuclrii
732 1198 815 1249 cura,
839 1198 894 1253 qua
905 1181 982 1236 haud
998 1199 1089 1254 pauca
1105 1200 1166 1240 eme

185 1273 264 1337 sunt,
280 1266 754 1340 ntpraetereamltlunckerum,
774 1265 1076 1336 Freinshemium‚
1091 1267 1164 1326 Dav

94 1408 98 1413 .
139 1369 214 1423 um,
237 1366 355 1423 quorum
366 1351 540 1406 coniecturas
553 1351 581 1404 in
592 1350 796 1405 commentariis
809 1350 847 1407 ad
858 1351 1014 1422 Hyginum,
1039 1350 1170 1408 adFloru

151 1436 195 1495 ad
216 1433 276 1491 cic.
298 1435 334 1490 de
353 1434 414 1490 Nat
435 1435 467 1489 D.
491 1436 576 1489 libros
597 1435 722 1504 prolatas
743 1435 799 1489 iam
821 1434 951 1490 Dukerns
971 1434 1119 1506 diligenter
1141 1452 1173 1491 co

151 1522 185 1577 Ἰ.

191 1604 256 1676 Ego
274 1602 386 1675 quidem
396 1601 467 1657 redii
487 1602 523 1658 ad
535 1600 665 1658 Salmasii
681 1600 824 1667 codicem,
846 1599 1044 1656 Divionensem
1057 1603 1131 1670 olim,
1152 1620 1171 1658 v

142 1690 203 1745 tius
219 1714 264 1727 -
284 1703 349 1744 nam
367 1685 492 1742 codicem
510 1686 601 1756 ipsum
619 1686 721 1740 frustra
739 1685 866 1756 quaesivi
889 1714 931 1725 -
955 1684 992 1739 ad
1014 1686 1173 1758 apograph

127 1786 166 1829 trs
189 1769 299 1826 codicis
317 1771 473 1826 contectum
486 1772 519 1824 ab
532 1771 593 1840 ipso
605 1767 759 1837 salmasio,
784 1767 859 1839 quod
876 1774 1040 1825 asservatur
1055 1770 1084 1824 in
1101 1770 1167 1826 bibli

95 1904 99 1909 .
170 1870 190 1911 a
211 1854 291 1926 regia
306 1854 477 1909 Monacensi.
509 1851 592 1921 (Cod.
606 1855 652 1907 lat.
665 1856 775 1921 10383.)
787 1853 854 1910 Eius
873 1869 927 1924 ope
945 1853 1012 1924 quid
1029 1870 1102 1908 nunc
1117 1870 1169 1926 pra

165 1954 184 1995 e
197 1945 315 1993 conatus
328 1939 395 2007 sim,
418 1938 507 1993 luslus
524 1937 642 2008 exposui
653 1938 682 1992 iu
693 1937 887 1993 dissertatione
901 1937 1065 2009 propediem
1077 1938 1171 1995 edend

156 2038 246 2095 quam
258 2022 392 2091 lectores,
414 2020 438 2076 si
451 2023 497 2091 qui
510 2023 631 2077 rationes
642 2037 721 2077 meas
739 2024 895 2077 accuratius
913 2038 1085 2094 cognoscere
1102 2024 1159 2079 veli

75 2166 83 2179 ¹
149 2103 282 2179 egandos
298 2111 376 2176 puto.
406 2105 476 2160 Huic
488 2105 655 2176 praelationi
674 2105 703 2160 id
715 2106 803 2160 solum
822 2107 1024 2163 reservandum
1040 2108 1147 2177 putavi,

87 2254 93 2263 ,
119 2204 195 2249 narn
215 2188 383 2247 brevissime
403 2188 465 2244 fieri
487 2196 583 2261 posset
600 2196 627 2244 et
645 2188 680 2243 de
701 2189 806 2244 codicis
823 2191 897 2245 illius
916 2190 1103 2265 discrepantia
1119 2195 1145 2244 et
1168 2212 1174 2237 ·

194 2271 354 2331 dationibus
377 2290 395 2330 a
415 2289 460 2327 me
481 2275 601 2345 receptis
624 2275 743 2328 lectores
767 2289 925 2342 monerem,
953 2275 998 2328 his
1019 2273 1091 2329 notis
1113 2290 1174 2329 usu

74 2336 130 2409 Ὠ
147 2380 195 2411 =
216 2355 281 2414 cod.
303 2358 497 2413 Monacensis:
517 2359 538 2413 l>
558 2381 601 2410 =
622 2357 798 2412 Perizonius:
821 2359 844 2412 H
866 2378 909 2406 =
930 2357 1076 2412 Heinsius:
1106 2356 1135 2412 M

73 2416 298 2499 harckerus:
324 2442 347 2497 F
366 2463 409 2493 =
430 2441 653 2498 Freinshemius:
682 2442 705 2495 li
725 2460 768 2488 =
787 2440 932 2496 Dukerus=
961 2440 1031 2496 Dav.
1054 2462 1098 2490 =
1113 2439 1154 2495 Da

74 2520 186 2583 flius:
208 2525 233 2581 T
245 2548 289 2577 =
300 2525 509 2583 Tzscbuelsius:
533 2526 556 2581 E
567 2549 610 2576 =
623 2525 746 2581 editores
758 2540 855 2579 omnes
872 2530 1028 2595 praeeunte
1043 2521 1174 2580 salmam

74 2586 125 2659 fl
148 2632 195 2662 =
218 2607 391 2672 Salmasius:
422 2609 461 2663 W
480 2630 524 2660 ·.·.-
546 2609 706 2664 Woelfflin:
734 2608 780 2664 ubi
802 2609 905 2662 nullam
926 2607 1025 2663 harum
1047 2608 1171 2664 litteraru

74 2682 283 2765 *decriptam
307 2693 453 2762 invenies,
483 2692 672 2763 discrepantia
700 2693 729 2746 in
757 2692 930 2763 praelatione
961 2696 1055 2746 notata
1083 2692 1171 2748 codlc'

75 2770 271 2833 *mendatio
290 2778 319 2833 in
337 2778 464 2833 ordinem
481 2776 631 2832 verborum
647 2781 761 2846 recepta
782 2773 911 2831 Salmasii
929 2780 979 2829 est.

193 2862 266 2933 Pag.
286 2857 313 2936 1,
329 2864 347 2920 9
363 2868 446 2917 aetra
463 2872 516 2933 pue
535 2849 550 2939 ΙΙ
571 2862 603 2919 17
622 2873 694 2933 quoe
713 2874 771 2914 om.
789 2849 809 2940 il
824 2863 863 2918 ‘tu
878 2852 1092 2936 obtiqsuamt
1110 2864 1174 2912 ‘tx

76 2935 443 3023 *airammum
718 2980 722 2989 ·

995 3018 1040 3079 a*
