2356 3818
497 227 704 277 entissime.
1059 227 1136 298 xvu

36 367 182 446 amplior]
189 390 217 426 v.
229 371 318 426 lahnii
334 371 423 442 praei.
444 370 569 442 p.XV11.
592 371 803 427 Freinshemius
822 371 976 443 supplevit:
995 372 1049 427 nisi
1063 371 1137 442 qaod

36 455 220 529 ampliandis
230 455 344 511 nostiam
355 457 510 524 exereitus,
521 469 605 527 eaque
616 457 711 511 aerior
722 461 775 511 oto.
787 484 830 497 -
840 460 889 524 86,
901 462 934 514 21
947 455 1132 512 Caesareano-

38 559 111 599 rnm
122 541 145 597 Β
156 554 163 594 :
176 540 408 597 caesarianorum
418 539 476 595 ΝΟ.
510 540 546 595 ot.
558 556 586 609 p·
597 544 657 607 89,
666 543 714 607 84,
728 540 774 595 ubi
786 540 850 595 item
862 556 898 594 ex
908 539 930 594 B
943 539 1137 597 Caesareanae

33 626 184 701 potentiae
193 625 373 679 restituimus.
388 652 432 667 -
441 628 485 706 80,
496 627 530 681 36
541 625 616 694 reoio
627 623 689 680 NO:
712 638 784 695 qnae
793 625 867 695 reyio
878 623 915 690 B,
928 624 990 678 tort.
1002 627 1093 691 reete,
1110 623 1134 677 si

40 709 83 768 ad
93 709 207 782 fercuta
218 706 333 763 ‘erant’
346 709 489 778 suppleas.
500 736 542 747 -
553 710 602 777 80,
620 711 655 766 38
670 709 751 763 0000·
766 707 804 762 B:
821 708 891 762 aelia
907 706 966 762 ΝΟ.
977 736 1020 755 -.·
1039 708 1089 773 87,
1100 710 1135 765 98

39 811 129 850 arnse
147 797 173 848 et
194 797 366 846 armamenta
383 792 423 846 H:
441 808 522 845 arma
539 797 564 845 et
580 797 704 846 armenta
721 791 757 860 B,
776 797 947 847 armamenta
957 789 1016 846 ΝΟ.
1028 819 1069 830 -
1089 792 1134 855 87,

39 882 81 938 33
93 876 200 932 librare
215 875 253 930 Hi
270 875 388 931 liberare
398 874 436 942 B,
454 875 606 931 deliberare
621 875 676 931 ΝΟ.
689 904 731 915 -
750 879 800 945 88,
818 883 853 934 10
866 875 974 930 noriam
987 877 1135 943 inerepare

42 962 85 1018 B:
101 960 212 1016 hortari
222 958 350 1015 Oerrore
364 975 520 1030 operarum.
529 988 570 998 -
584 963 633 1027 88,
645 965 679 1019 26
686 959 840 1031 phalaricis
852 959 1035 1031 Spengelius:
1049 960 1131 1028 pian-

40 1046 115 1101 stris
125 1043 148 1098 B
157 1085 165 1111 ,
172 1044 239 1114 pilis
250 1042 289 1110 N,
301 1045 404 1099 lanceis
414 1043 435 1099 0
445 1059 453 1110 ;
465 1043 567 1099 balistis
581 1044 700 1098 oonieoit
712 1044 968 1115 Bezzenbergerus.
985 1071 1022 1082 -
1034 1045 1084 1108 88,
1100 1045 1135 1100 29

41 1130 110 1185 aaia
116 1127 298 1199 petentemNs
310 1126 374 1183 oaiic
384 1134 479 1183 tentem
488 1129 579 1196 (sorr.
592 1129 620 1182 in
632 1133 763 1183 tenentem
773 1144 858 1183 manu
869 1126 1020 1183 admodum
1027 1131 1133 1191 vetere,

44 1211 101 1270 sed
113 1210 231 1280 alie)·B‚
247 1213 309 1266 aeia
318 1216 448 1267 ammom
460 1212 492 1268 0.
504 1240 546 1251 --
556 1215 605 1280 89,
626 1216 660 1271 19
671 1213 727 1267 lota
738 1213 880 1267 domindiio
891 1211 930 1265 Hs
948 1211 1032 1266 ditata
1045 1209 1134 1264 domi-

42 1297 121 1353 natio
133 1295 170 1364 B,
181 1295 273 1353 niorto
284 1294 385 1350 donato
397 1296 435 1365 N,
447 1297 531 1351 dilata
544 1298 694 1352 coniuratio
707 1296 728 1352 0
741 1313 776 1350 ex
786 1297 881 1367 priore
891 1311 954 1350 mea
965 1294 1135 1349 coniectura.

44 1410 89 1421 -
101 1383 152 1445 90,
163 1383 181 1437 8
193 1379 317 1434 desciscit
332 1381 361 1433 in
371 1381 494 1451 reginam
507 1374 556 1411 ***
572 1382 651 1436 aliter
664 1379 702 1436 0:
720 1380 846 1435 descisci!
853 1382 882 1434 in
892 1393 983 1451 reoem

44 1464 120 1520 Nam
131 1463 212 1517 aliter
225 1463 247 1517 B
267 1464 370 1534 (reoem
383 1471 425 1519 est
439 1464 534 1518 ultime
547 1480 603 1518 vox
616 1480 730 1531 versus,
748 1465 837 1534 spatio
856 1479 946 1519 veeuo
959 1463 1055 1517 relicto
1067 1460 1135 1516 duo-

46 1547 141 1603 decim
156 1547 215 1600 1000
233 1547 400 1614 litterarum
414 1554 471 1602 tum
484 1564 575 1604 novus
586 1563 687 1603 versus
704 1547 800 1617 insipit
812 1565 828 1602 a
840 1549 925 1602 verbo
937 1545 1022 1612 Nam)
1037 1574 1080 1584 —
1090 1549 1133 1610 90,

44 1636 62 1693 7
73 1631 227 1702 Ademtum
239 1630 344 1688 delevit
353 1629 570 1686 Freinshemius.
590 1659 627 1671 -
641 1634 689 1696 90,
702 1635 735 1689 18
745 1637 832 1686 motos
842 1631 968 1686 civitatis:
981 1629 1132 1685 000οἰοἱ-

45 1713 161 1782 iniisti,
183 1716 298 1771 civitam
315 1721 402 1770 motos
419 1713 476 1770 ΝΟ.
494 1744 536 1754 -
558 1719 607 1783 90,
622 1719 656 1773 26
676 1720 701 1769 et
711 1715 857 1771 obnoxiam
870 1713 1018 1768 delendum
1036 1717 1134 1766 censet

44 1797 194 1869 Hauptius.
209 1826 247 1839 -
260 1803 310 1866 90,
323 1802 358 1856 38
368 1798 504 1855 obsidebat
513 1797 590 1855 otH:
608 1799 744 1855 obsiderat
753 1799 790 1866 B,
800 1797 941 1856 obsidebat
951 1796 989 1864 N,
1001 1795 1131 1851 obsidere.

44 1890 76 1938 at
87 1881 128 1951 0;
139 1883 234 1953 possis
246 1884 327 1937 etiem
337 1896 343 1937 :
355 1882 505 1952 obsidebat,
521 1894 582 1941 000
596 1884 721 1941 Octavius
737 1890 790 1938 eto.
805 1912 847 1923 —
858 1886 906 1949 91,
919 1887 952 1939 01
963 1881 1088 1936 ultionem
1098 1879 1133 1934 de

44 1967 90 2022 iris
100 1966 226 2021 sumendi
239 1966 278 2021 H:
291 1967 422 2040 ¹altionem
434 1967 468 2023 de
483 1968 525 2023 iis
538 1968 574 2035 B,
590 1969 698 2024 numnis
710 1967 744 2022 de
759 1967 802 2022 ia's
815 1965 873 2022 Νο.
885 1995 928 2004 -
937 1969 985 2032 91,
997 1969 1032 2022 25
1042 1963 1132 2019 Pern-

44 2053 118 2108 siam
129 2049 168 2104 N:
178 2049 331 2105 ‘Perusiam
342 2050 400 2109 ΒΟ.
412 2080 455 2093 -
466 2055 498 2110 91
509 2094 515 2120 ,
527 2058 560 2109 25
573 2053 710 2106 exercitas
721 2051 759 2106 B:
778 2058 804 2106 et
814 2054 950 2105 eaercitus
967 2048 1024 2104 ΝΟ.
1036 2077 1079 2087 -
1088 2050 1132 2115 91,

44 2139 82 2194 28
95 2132 164 2188 nimi
172 2135 304 2206 insigniam
315 2135 529 2214 Mommseniuss
548 2136 617 2190 niia't
631 2136 659 2189 in
670 2149 700 2190 se
710 2138 798 2190 minus
809 2133 890 2190 BNO.
901 2163 942 2173 --
952 2137 1000 2200 91,
1012 2133 1131 2202 810000-

44 2222 151 2274 mesoat
159 2217 223 2272 BN:
236 2219 393 2288 inyemiseat
403 2217 436 2272 0.
447 2246 490 2257 -
501 2222 546 2288 90,
557 2223 593 2276 06
602 2233 654 2272 000
665 2224 720 2272 inm
730 2221 819 2272 omina
831 2219 982 2272 mminenn's
992 2217 1079 2271 oladr's
1089 2217 1131 2270 ia-

45 2306 158 2359 merom
167 2301 190 2355 H
200 2315 207 2355 :
219 2315 270 2355 nee
281 2306 317 2355 tot
325 2301 363 2354 im
377 2291 390 2377 Η
404 2302 530 2354 menenio
542 2301 672 2355 destinate
681 2303 767 2356 eladis
778 2303 915 2356 latuerant
924 2300 1013 2368 B,neo
1023 2306 1079 2354 tum
1089 2300 1129 2353 in-

45 2386 176 2441 minentia
189 2385 276 2440 clades
287 2384 437 2440 destinatae
446 2387 524 2456 siena
536 2386 727 2455 latueruntN‚
744 2400 795 2441 neo
813 2391 867 2440 tam
877 2385 1034 2439 inminentia
1050 2383 1131 2437 desti-

45 2474 131 2525 natae
142 2469 227 2524 cladis
238 2468 418 2525 iatneruntO.
450 2470 540 2524 Locus
553 2470 642 2535 labem
653 2471 744 2539 traxit,
757 2487 818 2525 oum
831 2470 973 2541 glossema
984 2467 1133 2522 destinatae

46 2552 87 2613 ad
103 2567 167 2608 voe.
187 2553 339 2609 inminentis
356 2553 527 2625 adscriptum
546 2555 574 2609 in
590 2555 736 2609 verborum
749 2559 906 2609 contextum
922 2554 1026 2608 illatum
1038 2556 1130 2617 esset3

46 2637 121 2693 solet
132 2642 223 2692 autem
233 2639 332 2693 Florus
343 2639 372 2692 in
381 2639 429 2693 teli
441 2654 470 2693 re
481 2655 509 2695 v.
520 2640 654 2693 inminens
666 2639 719 2706 uti,
733 2655 759 2693 v,
770 2655 798 2708 p·
810 2643 854 2706 09,
866 2643 900 2695 m
912 2639 1082 2692 inminentem
1093 2640 1133 2688 te·

44 2722 169 2775 merario
179 2723 244 2776 dnei
253 2721 358 2776 cladem
365 2723 571 2794 praedixeram
584 2723 728 2778 insidentia
743 2725 825 2794 0000
836 2723 981 2785 0000000,Ι
997 2736 1025 2790 p.
1037 2723 1086 2786 33,
1097 2711 1132 2774 2'0

44 2804 117 2859 naec
125 2802 259 2875 snititiins
269 2807 323 2861 oiri
332 2823 386 2861 non
395 2809 454 2861 sine
460 2808 732 2879 praesagioqimdam
741 2805 797 2877 fati
804 2806 1058 2874 inminentisprima
1066 2817 1130 2857 eon-

42 2887 147 2961 sessim
158 2904 186 2958 p.
197 2893 246 2960 84,
258 2893 275 2948 9
285 2905 432 2963 numanam
448 2892 600 2946 inminentis
610 2893 709 2946 rainae
719 2890 907 2963 manifestiora
914 2888 1054 2961 prodigia.
1079 2883 1128 2939 ln·
1163 2946 1172 2959 x

45 2973 172 3028 minentis
188 2973 294 3043 (deleto
311 2976 472 3043 destinatae)
489 2974 667 3030 scribendum
680 2991 743 3030 esse
756 2976 836 3030 etiam
847 2974 1091 3040 Bezzenbergerus
1105 2974 1132 3023 et

45 3057 99 3112 Ed.
112 3055 255 3114 Wurmius
267 3057 471 3118 intellexerunt.
483 3088 525 3098 -
535 3063 577 3126 90,
586 3063 621 3116 08
631 3061 752 3114 volueres
762 3060 841 3131 qnasi
850 3060 905 3111 iom
915 3071 966 3112 saa
977 3055 1010 3123 (i.
1018 3069 1131 3125 eprae-

47 3140 114 3197 dam
127 3141 181 3197 sibi
193 3141 373 3211 destinatam)
385 3143 661 3199 eiroamaoiobantB:
680 3145 803 3199 volueres
812 3146 907 3196 castro
925 3141 1006 3212 qnasi
1014 3140 1068 3193 iam
1078 3153 1130 3194 sna

46 3226 280 3282 cmonmaolaoant
289 3225 347 3280 ΝΟ.
361 3255 397 3266 -
410 3231 453 3296 98,
467 3230 553 3286 1000
563 3224 747 3301 martenesie]
761 3227 839 3280 loeus
850 3224 973 3295 graviter
985 3229 1129 3294 corruptus

46 3310 88 3365 sie
101 3310 129 3364 in
141 3308 162 3363 Β
176 3312 295 3381 scriptus
308 3316 364 3364 est:
382 3313 441 3365 oeie
454 3327 571 3384 narnqne
581 3314 723 3368 commissa
739 3326 800 3364 oram
811 3310 881 3379 pari
893 3308 1128 3381 0000010000-

45 3393 94 3448 diu
104 3393 260 3450 donicatum
272 3393 349 3467 foret
356 3396 481 3467 quamuis
492 3395 574 3450 daces
584 3397 647 3451 inde
657 3402 817 3466 praesentes
827 3393 961 3450 adessent.
988 3392 1129 3448 1000010-

46 3494 110 3533 rnm
128 3481 255 3551 corporis
270 3479 419 3551 aegritudo.
454 3479 527 3535 illam
544 3485 630 3537 metris
645 3486 672 3536 et
684 3480 798 3554 iomanis
811 3479 1023 3536 mtesmssmi.
1054 3477 1147 3524 sesses

89 3577 200 3619 rionvs.
928 3563 956 3616 ‘s
