<?xml version="1.0" encoding="UTF-8"?>
<!DOCTYPE html PUBLIC "-//W3C//DTD XHTML 1.0 Transitional//EN"
    "http://www.w3.org/TR/xhtml1/DTD/xhtml1-transitional.dtd">
<html xmlns="http://www.w3.org/1999/xhtml" xml:lang="en" lang="en">
 <head>
  <title>
</title>
<meta http-equiv="Content-Type" content="text/html;charset=utf-8" />
  <meta name='ocr-system' content='tesseract 3.04.00' />
  <meta name='ocr-capabilities' content='ocr_page ocr_carea ocr_par ocr_line ocrx_word'/>
</head>
<body>
  <div class='ocr_page' id='page_1' title='image "./iulifloriepitom00halmgoog_0071.png"; bbox 0 0 2356 3818; ppageno 0'>
   <div class='ocr_carea' id='block_1_1' title="bbox 134 170 847 262">
    <p class='ocr_par' dir='ltr' id='par_1_1' title="bbox 134 170 847 262">
     <span class='ocr_line' id='line_1_1' title="bbox 134 170 847 262; baseline 0.001 -21"><span class='ocrx_word' id='word_1_1' title='bbox 134 180 176 241; x_wconf 84' lang='grc'><strong>44</strong></span> <span class='ocrx_word' id='word_1_2' title='bbox 423 170 426 174; x_wconf 80' lang='grc'><strong>’</strong></span> <span class='ocrx_word' id='word_1_3' title='bbox 481 176 586 240; x_wconf 76' lang='lat' dir='ltr'><strong>raom</strong></span> <span class='ocrx_word' id='word_1_4' title='bbox 600 191 767 242; x_wconf 74' lang='lat' dir='ltr'><strong>correus.</strong></span> <span class='ocrx_word' id='word_1_5' title='bbox 844 258 847 262; x_wconf 19' lang='lat'>⁵</span> 
     </span>
    </p>
   </div>
   <div class='ocr_carea' id='block_1_2' title="bbox 64 341 1157 3011">
    <p class='ocr_par' dir='ltr' id='par_1_2' title="bbox 135 341 1131 428">
     <span class='ocr_line' id='line_1_2' title="bbox 135 341 1131 428; baseline 0.002 -20"><span class='ocrx_word' id='word_1_6' title='bbox 135 344 175 408; x_wconf 90' lang='lat' dir='ltr'><strong>de</strong></span> <span class='ocrx_word' id='word_1_7' title='bbox 192 341 307 428; x_wconf 91' lang='lat' dir='ltr'><strong>quibus</strong></span> <span class='ocrx_word' id='word_1_8' title='bbox 325 341 380 405; x_wconf 92' lang='lat' dir='ltr'><strong>ille</strong></span> <span class='ocrx_word' id='word_1_9' title='bbox 394 341 501 428; x_wconf 85' lang='lat' dir='ltr'>Scipio</span> <span class='ocrx_word' id='word_1_10' title='bbox 514 345 672 428; x_wconf 81' lang='lat' dir='ltr'><strong>posterior</strong></span> <span class='ocrx_word' id='word_1_11' title='bbox 684 343 840 426; x_wconf 78' lang='lat' dir='ltr'><strong>singulari</strong></span> <span class='ocrx_word' id='word_1_12' title='bbox 854 345 1040 425; x_wconf 77' lang='lat' dir='ltr'>certamine,</span> <span class='ocrx_word' id='word_1_13' title='bbox 1059 366 1131 410; x_wconf 91' lang='lat' dir='ltr'><strong>cum</strong></span> 
     </span>
    </p>

    <p class='ocr_par' dir='ltr' id='par_1_3' title="bbox 92 425 1131 510">
     <span class='ocr_line' id='line_1_3' title="bbox 92 425 1131 510; baseline 0.008 -25"><span class='ocrx_word' id='word_1_14' title='bbox 92 434 125 485; x_wconf 74' lang='lat'><strong>12</strong></span> <span class='ocrx_word' id='word_1_15' title='bbox 135 448 195 490; x_wconf 88' lang='lat' dir='ltr'><strong>rex</strong></span> <span class='ocrx_word' id='word_1_16' title='bbox 211 425 572 510; x_wconf 73' lang='lat' dir='ltr'><strong>fuisset.prouocator,o</strong></span> <span class='ocrx_word' id='word_1_17' title='bbox 595 428 659 490; x_wconf 92' lang='lat' dir='ltr'><strong>ima</strong></span> <span class='ocrx_word' id='word_1_18' title='bbox 672 426 849 491; x_wconf 89' lang='lat' dir='ltr'><strong>rettulerat.</strong></span> <span class='ocrx_word' id='word_1_19' title='bbox 879 427 1034 492; x_wconf 82' lang='lat' dir='ltr'><strong>Decimus</strong></span> <span class='ocrx_word' id='word_1_20' title='bbox 1049 431 1131 493; x_wconf 86' lang='lat' dir='ltr'><strong>Bru·</strong></span> 
     </span>
    </p>

    <p class='ocr_par' dir='ltr' id='par_1_4' title="bbox 78 449 1130 679">
     <span class='ocr_line' id='line_1_4' title="bbox 78 449 1130 609; baseline 0.003 -36"><span class='ocrx_word' id='word_1_21' title='bbox 78 504 88 517; x_wconf 72' lang='lat'><em>⁶</em></span> <span class='ocrx_word' id='word_1_22' title='bbox 132 520 184 573; x_wconf 93' lang='lat' dir='ltr'><strong>tus</strong></span> <span class='ocrx_word' id='word_1_23' title='bbox 211 502 374 608; x_wconf 85' lang='lat' dir='ltr'><strong>aliquanto</strong></span> <span class='ocrx_word' id='word_1_24' title='bbox 408 510 503 573; x_wconf 90' lang='lat' dir='ltr'><strong>latius</strong></span> <span class='ocrx_word' id='word_1_25' title='bbox 531 449 670 573; x_wconf 78' lang='lat' dir='ltr'><strong>Celticos</strong></span> <span class='ocrx_word' id='word_1_26' title='bbox 697 509 933 609; x_wconf 82' lang='lat' dir='ltr'><strong>Lusitanosque</strong></span> <span class='ocrx_word' id='word_1_27' title='bbox 965 520 998 575; x_wconf 89' lang='lat' dir='ltr'><strong>et</strong></span> <span class='ocrx_word' id='word_1_28' title='bbox 1025 515 1130 577; x_wconf 89' lang='lat' dir='ltr'><strong>omnis</strong></span> 
     </span>
     <span class='ocr_line' id='line_1_5' title="bbox 135 592 1130 679; baseline 0.001 -22"><span class='ocrx_word' id='word_1_29' title='bbox 135 592 315 667; x_wconf 84' lang='lat' dir='ltr'><strong>Callaemae</strong></span> <span class='ocrx_word' id='word_1_30' title='bbox 349 593 484 679; x_wconf 92' lang='lat' dir='ltr'><strong>populos</strong></span> <span class='ocrx_word' id='word_1_31' title='bbox 521 592 789 678; x_wconf 86' lang='lat' dir='ltr'><strong>formidatumque</strong></span> <span class='ocrx_word' id='word_1_32' title='bbox 821 593 976 658; x_wconf 87' lang='lat' dir='ltr'><strong>milrtibus</strong></span> <span class='ocrx_word' id='word_1_33' title='bbox 1008 594 1130 660; x_wconf 89' lang='lat' dir='ltr'><strong>flumen</strong></span> 
     </span>
    </p>

    <p class='ocr_par' dir='ltr' id='par_1_5' title="bbox 100 675 1149 844">
     <span class='ocr_line' id='line_1_6' title="bbox 100 675 1149 764; baseline 0.003 -24"><span class='ocrx_word' id='word_1_34' title='bbox 100 723 103 727; x_wconf 81' lang='lat'><strong>.</strong></span> <span class='ocrx_word' id='word_1_35' title='bbox 134 675 324 758; x_wconf 76' lang='lat' dir='ltr'><strong>Obliuionis,</strong></span> <span class='ocrx_word' id='word_1_36' title='bbox 342 685 575 762; x_wconf 86' lang='lat' dir='ltr'><strong>peragratoque</strong></span> <span class='ocrx_word' id='word_1_37' title='bbox 593 677 697 741; x_wconf 90' lang='lat' dir='ltr'><strong>victor</strong></span> <span class='ocrx_word' id='word_1_38' title='bbox 716 676 838 740; x_wconf 82' lang='lat' dir='ltr'><strong>Oceani</strong></span> <span class='ocrx_word' id='word_1_39' title='bbox 851 678 945 741; x_wconf 89' lang='lat' dir='ltr'><strong>litore</strong></span> <span class='ocrx_word' id='word_1_40' title='bbox 961 699 1028 741; x_wconf 90' lang='lat' dir='ltr'><strong>non</strong></span> <span class='ocrx_word' id='word_1_41' title='bbox 1039 681 1149 764; x_wconf 80' lang='lat' dir='ltr'><strong>prius⁵</strong></span> 
     </span>
     <span class='ocr_line' id='line_1_7' title="bbox 133 759 1130 844; baseline 0.001 -19"><span class='ocrx_word' id='word_1_42' title='bbox 133 760 227 843; x_wconf 87' lang='lat' dir='ltr'><strong>signa</strong></span> <span class='ocrx_word' id='word_1_43' title='bbox 248 762 408 824; x_wconf 88' lang='lat' dir='ltr'><strong>convertit</strong></span> <span class='ocrx_word' id='word_1_44' title='bbox 428 780 523 844; x_wconf 89' lang='lat' dir='ltr'><strong>quam</strong></span> <span class='ocrx_word' id='word_1_45' title='bbox 546 759 712 824; x_wconf 88' lang='lat' dir='ltr'><strong>cadentem</strong></span> <span class='ocrx_word' id='word_1_46' title='bbox 733 761 768 823; x_wconf 87' lang='lat' dir='ltr'><strong>in</strong></span> <span class='ocrx_word' id='word_1_47' title='bbox 792 762 894 824; x_wconf 89' lang='lat' dir='ltr'><strong>maria</strong></span> <span class='ocrx_word' id='word_1_48' title='bbox 916 761 1016 825; x_wconf 91' lang='lat' dir='ltr'><strong>solem</strong></span> <span class='ocrx_word' id='word_1_49' title='bbox 1036 761 1130 826; x_wconf 91' lang='lat' dir='ltr'><strong>obru-</strong></span> 
     </span>
    </p>

    <p class='ocr_par' dir='ltr' id='par_1_6' title="bbox 64 843 1131 1010">
     <span class='ocr_line' id='line_1_8' title="bbox 64 843 1131 930; baseline 0.003 -23"><span class='ocrx_word' id='word_1_50' title='bbox 64 851 68 860; x_wconf 86' lang='lat'>&#39;</span> <span class='ocrx_word' id='word_1_51' title='bbox 132 853 263 930; x_wconf 92' lang='lat' dir='ltr'><strong>tumque</strong></span> <span class='ocrx_word' id='word_1_52' title='bbox 283 845 375 929; x_wconf 87' lang='lat' dir='ltr'><strong>aquis</strong></span> <span class='ocrx_word' id='word_1_53' title='bbox 396 844 505 926; x_wconf 84' lang='lat' dir='ltr'><strong>ignem</strong></span> <span class='ocrx_word' id='word_1_54' title='bbox 519 863 585 907; x_wconf 92' lang='lat' dir='ltr'><strong>non</strong></span> <span class='ocrx_word' id='word_1_55' title='bbox 611 844 681 908; x_wconf 90' lang='lat' dir='ltr'><strong>sine</strong></span> <span class='ocrx_word' id='word_1_56' title='bbox 704 843 843 929; x_wconf 91' lang='lat' dir='ltr'><strong>quodam</strong></span> <span class='ocrx_word' id='word_1_57' title='bbox 860 843 1023 928; x_wconf 88' lang='lat' dir='ltr'><strong>sacrilegii</strong></span> <span class='ocrx_word' id='word_1_58' title='bbox 1042 855 1131 910; x_wconf 88' lang='lat' dir='ltr'><strong>metu</strong></span> 
     </span>
     <span class='ocr_line' id='line_1_9' title="bbox 135 924 515 1010; baseline -0.005 -19"><span class='ocrx_word' id='word_1_59' title='bbox 135 934 165 991; x_wconf 92' lang='lat' dir='ltr'><strong>et</strong></span> <span class='ocrx_word' id='word_1_60' title='bbox 184 926 315 991; x_wconf 88' lang='lat' dir='ltr'><strong>horrore</strong></span> <span class='ocrx_word' id='word_1_61' title='bbox 337 924 515 1010; x_wconf 80' lang='lat' dir='ltr'><strong>deprendit.</strong></span> 
     </span>
    </p>

    <p class='ocr_par' dir='ltr' id='par_1_7' title="bbox 92 1008 1156 1344">
     <span class='ocr_line' id='line_1_10' title="bbox 92 1008 1130 1083; baseline 0.002 -9"><span class='ocrx_word' id='word_1_62' title='bbox 92 1023 125 1074; x_wconf 83' lang='lat'><strong>13</strong></span> <span class='ocrx_word' id='word_1_63' title='bbox 218 1008 283 1074; x_wconf 83' lang='lat' dir='ltr'><strong>Sed</strong></span> <span class='ocrx_word' id='word_1_64' title='bbox 300 1017 368 1072; x_wconf 90' lang='lat' dir='ltr'><strong>tota</strong></span> <span class='ocrx_word' id='word_1_65' title='bbox 388 1013 597 1083; x_wconf 84' lang='lat' dir='ltr'><strong>certaminum</strong></span> <span class='ocrx_word' id='word_1_66' title='bbox 617 1011 718 1075; x_wconf 90' lang='lat' dir='ltr'><strong>moles</strong></span> <span class='ocrx_word' id='word_1_67' title='bbox 739 1031 812 1073; x_wconf 93' lang='lat' dir='ltr'><strong>cum</strong></span> <span class='ocrx_word' id='word_1_68' title='bbox 828 1010 993 1075; x_wconf 90' lang='lat' dir='ltr'><strong>Lusitanis</strong></span> <span class='ocrx_word' id='word_1_69' title='bbox 1014 1010 1079 1076; x_wconf 81' lang='lat' dir='ltr'><strong>fuit</strong></span> <span class='ocrx_word' id='word_1_70' title='bbox 1100 1021 1130 1076; x_wconf 93' lang='lat' dir='ltr'><strong>et</strong></span> 
     </span>
     <span class='ocr_line' id='line_1_11' title="bbox 134 1092 1156 1192; baseline 0.002 -35"><span class='ocrx_word' id='word_1_71' title='bbox 134 1092 349 1174; x_wconf 85' lang='lat' dir='ltr'><strong>Numantinis.</strong></span> <span class='ocrx_word' id='word_1_72' title='bbox 381 1113 442 1154; x_wconf 90' lang='lat' dir='ltr'><strong>nec</strong></span> <span class='ocrx_word' id='word_1_73' title='bbox 462 1093 621 1157; x_wconf 91' lang='lat' dir='ltr'><strong>inmerito.</strong></span> <span class='ocrx_word' id='word_1_74' title='bbox 659 1095 776 1192; x_wconf 72' lang='lat' dir='ltr'><strong>quippe</strong></span> <span class='ocrx_word' id='word_1_75' title='bbox 805 1094 881 1158; x_wconf 91' lang='lat' dir='ltr'><strong>solis</strong></span> <span class='ocrx_word' id='word_1_76' title='bbox 905 1095 1051 1178; x_wconf 86' lang='lat' dir='ltr'><strong>gentium</strong></span> <span class='ocrx_word' id='word_1_77' title='bbox 1071 1095 1156 1159; x_wconf 82' lang='lat' dir='ltr'><strong>Hi-ro</strong></span> 
     </span>
     <span class='ocr_line' id='line_1_12' title="bbox 133 1174 1130 1259; baseline 0.003 -19"><span class='ocrx_word' id='word_1_78' title='bbox 133 1199 149 1240; x_wconf 91' lang='lat' dir='ltr'><strong>s</strong></span> <span class='ocrx_word' id='word_1_79' title='bbox 173 1178 265 1239; x_wconf 90' lang='lat' dir='ltr'><strong>aniae</strong></span> <span class='ocrx_word' id='word_1_80' title='bbox 284 1174 381 1238; x_wconf 88' lang='lat' dir='ltr'><strong>duces</strong></span> <span class='ocrx_word' id='word_1_81' title='bbox 400 1178 613 1259; x_wconf 88' lang='lat' dir='ltr'><strong>contigerunt.</strong></span> <span class='ocrx_word' id='word_1_82' title='bbox 638 1177 753 1239; x_wconf 79' lang='lat' dir='ltr'><strong>fuisset</strong></span> <span class='ocrx_word' id='word_1_83' title='bbox 770 1184 883 1240; x_wconf 90' lang='lat' dir='ltr'><strong>etcum</strong></span> <span class='ocrx_word' id='word_1_84' title='bbox 898 1176 1046 1241; x_wconf 91' lang='lat' dir='ltr'><strong>omnibus</strong></span> <span class='ocrx_word' id='word_1_85' title='bbox 1060 1177 1130 1243; x_wconf 79' lang='lat' dir='ltr'><strong>Oel-</strong></span> 
     </span>
     <span class='ocr_line' id='line_1_13' title="bbox 133 1199 1129 1344; baseline 0.003 -21"><span class='ocrx_word' id='word_1_86' title='bbox 133 1199 255 1338; x_wconf 70' lang='lat' dir='ltr'><strong>trlreris,</strong></span> <span class='ocrx_word' id='word_1_87' title='bbox 277 1259 342 1320; x_wconf 89' lang='lat' dir='ltr'><strong>nisi</strong></span> <span class='ocrx_word' id='word_1_88' title='bbox 363 1257 431 1322; x_wconf 82' lang='lat' dir='ltr'><strong>dux</strong></span> <span class='ocrx_word' id='word_1_89' title='bbox 450 1258 537 1322; x_wconf 91' lang='lat' dir='ltr'><strong>illius</strong></span> <span class='ocrx_word' id='word_1_90' title='bbox 558 1269 663 1323; x_wconf 91' lang='lat' dir='ltr'><strong>motus</strong></span> <span class='ocrx_word' id='word_1_91' title='bbox 685 1260 777 1324; x_wconf 89' lang='lat' dir='ltr'><strong>initio</strong></span> <span class='ocrx_word' id='word_1_92' title='bbox 802 1258 881 1324; x_wconf 90' lang='lat' dir='ltr'><strong>belli</strong></span> <span class='ocrx_word' id='word_1_93' title='bbox 901 1261 936 1324; x_wconf 87' lang='lat' dir='ltr'><strong>vi</strong></span> <span class='ocrx_word' id='word_1_94' title='bbox 957 1282 975 1323; x_wconf 97' lang='lat' dir='ltr'><strong>o</strong></span> <span class='ocrx_word' id='word_1_95' title='bbox 998 1282 1129 1344; x_wconf 87' lang='lat' dir='ltr'><strong>pressus</strong></span> 
     </span>
    </p>

    <p class='ocr_par' dir='ltr' id='par_1_8' title="bbox 92 1282 1155 1679">
     <span class='ocr_line' id='line_1_14' title="bbox 92 1282 1129 1431; baseline 0.003 -26"><span class='ocrx_word' id='word_1_96' title='bbox 92 1346 125 1396; x_wconf 85' lang='grc'><strong>14</strong></span> <span class='ocrx_word' id='word_1_97' title='bbox 135 1351 228 1423; x_wconf 88' lang='lat' dir='ltr'><strong>esset,</strong></span> <span class='ocrx_word' id='word_1_98' title='bbox 246 1363 389 1405; x_wconf 88' lang='lat' dir='ltr'><strong>summae</strong></span> <span class='ocrx_word' id='word_1_99' title='bbox 406 1343 458 1405; x_wconf 90' lang='lat' dir='ltr'><strong>vir</strong></span> <span class='ocrx_word' id='word_1_100' title='bbox 475 1342 638 1425; x_wconf 89' lang='lat' dir='ltr'><strong>audaciae,</strong></span> <span class='ocrx_word' id='word_1_101' title='bbox 657 1344 685 1407; x_wconf 92' lang='lat' dir='ltr'><strong>si</strong></span> <span class='ocrx_word' id='word_1_102' title='bbox 698 1344 917 1429; x_wconf 86' lang='lat' dir='ltr'><strong>processisset,</strong></span> <span class='ocrx_word' id='word_1_103' title='bbox 939 1282 1129 1431; x_wconf 48' lang='lat' dir='ltr'><strong>Olgmdious,</strong></span> 
     </span>
     <span class='ocr_line' id='line_1_15' title="bbox 134 1424 1129 1526; baseline 0.001 -35"><span class='ocrx_word' id='word_1_104' title='bbox 134 1426 189 1526; x_wconf 76' lang='lat' dir='ltr'><strong>qui</strong></span> <span class='ocrx_word' id='word_1_105' title='bbox 205 1424 330 1489; x_wconf 88' lang='lat' dir='ltr'><strong>hastam</strong></span> <span class='ocrx_word' id='word_1_106' title='bbox 346 1434 533 1510; x_wconf 84' lang='lat' dir='ltr'><strong>argenteam</strong></span> <span class='ocrx_word' id='word_1_107' title='bbox 550 1428 695 1514; x_wconf 86' lang='lat' dir='ltr'><strong>quatiens</strong></span> <span class='ocrx_word' id='word_1_108' title='bbox 713 1428 805 1513; x_wconf 90' lang='lat' dir='ltr'><strong>quasi</strong></span> <span class='ocrx_word' id='word_1_109' title='bbox 823 1426 912 1491; x_wconf 91' lang='lat' dir='ltr'><strong>caelo</strong></span> <span class='ocrx_word' id='word_1_110' title='bbox 931 1428 1064 1491; x_wconf 86' lang='lat' dir='ltr'><strong>missam</strong></span> <span class='ocrx_word' id='word_1_111' title='bbox 1075 1450 1129 1492; x_wconf 87' lang='lat' dir='ltr'><strong>va·</strong></span> 
     </span>
     <span class='ocr_line' id='line_1_16' title="bbox 132 1510 1155 1595; baseline 0.004 -22"><span class='ocrx_word' id='word_1_112' title='bbox 132 1510 279 1575; x_wconf 89' lang='lat' dir='ltr'><strong>t1cinanti</strong></span> <span class='ocrx_word' id='word_1_113' title='bbox 296 1510 410 1585; x_wconf 86' lang='lat' dir='ltr'><strong>similis</strong></span> <span class='ocrx_word' id='word_1_114' title='bbox 435 1511 578 1595; x_wconf 82' lang='lat' dir='ltr'><strong>omnium</strong></span> <span class='ocrx_word' id='word_1_115' title='bbox 589 1513 624 1574; x_wconf 93' lang='lat' dir='ltr'><strong>in</strong></span> <span class='ocrx_word' id='word_1_116' title='bbox 643 1533 677 1575; x_wconf 88' lang='lat' dir='ltr'><strong>se</strong></span> <span class='ocrx_word' id='word_1_117' title='bbox 696 1519 817 1574; x_wconf 87' lang='lat' dir='ltr'><strong>mentes</strong></span> <span class='ocrx_word' id='word_1_118' title='bbox 837 1519 1052 1577; x_wconf 88' lang='lat' dir='ltr'><strong>converterat.</strong></span> <span class='ocrx_word' id='word_1_119' title='bbox 1081 1520 1155 1576; x_wconf 77' lang='lat' dir='ltr'><strong>setis</strong></span> 
     </span>
     <span class='ocr_line' id='line_1_17' title="bbox 133 1593 1128 1679; baseline 0 -21"><span class='ocrx_word' id='word_1_120' title='bbox 133 1615 206 1658; x_wconf 92' lang='lat' dir='ltr'><strong>cum</strong></span> <span class='ocrx_word' id='word_1_121' title='bbox 225 1594 297 1679; x_wconf 91' lang='lat' dir='ltr'><strong>pari</strong></span> <span class='ocrx_word' id='word_1_122' title='bbox 318 1598 497 1659; x_wconf 86' lang='lat' dir='ltr'><strong>temeritate</strong></span> <span class='ocrx_word' id='word_1_123' title='bbox 515 1594 574 1658; x_wconf 89' lang='lat' dir='ltr'><strong>sub</strong></span> <span class='ocrx_word' id='word_1_124' title='bbox 595 1595 690 1658; x_wconf 83' lang='lat' dir='ltr'><strong>nocte&#39;</strong></span> <span class='ocrx_word' id='word_1_125' title='bbox 711 1602 817 1659; x_wconf 89' lang='lat' dir='ltr'><strong>castra</strong></span> <span class='ocrx_word' id='word_1_126' title='bbox 839 1593 980 1658; x_wconf 86' lang='lat' dir='ltr'><strong>consulis</strong></span> <span class='ocrx_word' id='word_1_127' title='bbox 998 1594 1128 1676; x_wconf 90' lang='lat' dir='ltr'><strong>adisset,</strong></span> 
     </span>
    </p>

    <p class='ocr_par' dir='ltr' id='par_1_9' title="bbox 92 1677 1155 2176">
     <span class='ocr_line' id='line_1_18' title="bbox 92 1677 1129 1763; baseline 0.004 -24"><span class='ocrx_word' id='word_1_128' title='bbox 92 1678 225 1742; x_wconf 78' lang='lat' dir='ltr'><strong>loiuxta</strong></span> <span class='ocrx_word' id='word_1_129' title='bbox 246 1679 419 1741; x_wconf 90' lang='lat' dir='ltr'><strong>tentorium</strong></span> <span class='ocrx_word' id='word_1_130' title='bbox 440 1679 544 1762; x_wconf 92' lang='lat' dir='ltr'><strong>ipsum</strong></span> <span class='ocrx_word' id='word_1_131' title='bbox 565 1679 631 1761; x_wconf 93' lang='lat' dir='ltr'><strong>pilo</strong></span> <span class='ocrx_word' id='word_1_132' title='bbox 653 1677 761 1763; x_wconf 83' lang='lat' dir='ltr'><strong>vigilis</strong></span> <span class='ocrx_word' id='word_1_133' title='bbox 784 1687 937 1762; x_wconf 84' lang='lat' dir='ltr'><strong>exceptus</strong></span> <span class='ocrx_word' id='word_1_134' title='bbox 957 1685 1014 1740; x_wconf 88' lang='lat' dir='ltr'><strong>est.</strong></span> <span class='ocrx_word' id='word_1_135' title='bbox 1048 1687 1129 1742; x_wconf 89' lang='lat' dir='ltr'><strong>eete-</strong></span> 
     </span>
     <span class='ocr_line' id='line_1_19' title="bbox 134 1759 1128 1840; baseline 0 -16"><span class='ocrx_word' id='word_1_136' title='bbox 134 1783 204 1824; x_wconf 92' lang='lat' dir='ltr'><strong>rum</strong></span> <span class='ocrx_word' id='word_1_137' title='bbox 214 1760 387 1824; x_wconf 86' lang='lat' dir='ltr'><strong>Lusitanos</strong></span> <span class='ocrx_word' id='word_1_138' title='bbox 398 1760 542 1823; x_wconf 87' lang='lat' dir='ltr'><strong>Viriatus</strong></span> <span class='ocrx_word' id='word_1_139' title='bbox 555 1762 667 1840; x_wconf 86' lang='lat' dir='ltr'><strong>erexit,</strong></span> <span class='ocrx_word' id='word_1_140' title='bbox 685 1761 737 1823; x_wconf 88' lang='lat' dir='ltr'><strong>vir</strong></span> <span class='ocrx_word' id='word_1_141' title='bbox 748 1759 931 1828; x_wconf 83' lang='lat' dir='ltr'><strong>calliditatis</strong></span> <span class='ocrx_word' id='word_1_142' title='bbox 944 1761 1128 1824; x_wconf 86' lang='lat' dir='ltr'><strong>acerrimae.</strong></span> 
     </span>
     <span class='ocr_line' id='line_1_20' title="bbox 134 1841 1130 1929; baseline 0.003 -24"><span class='ocrx_word' id='word_1_143' title='bbox 134 1845 189 1929; x_wconf 91' lang='lat' dir='ltr'><strong>qui</strong></span> <span class='ocrx_word' id='word_1_144' title='bbox 214 1864 257 1906; x_wconf 88' lang='lat' dir='ltr'><strong>ex</strong></span> <span class='ocrx_word' id='word_1_145' title='bbox 276 1851 430 1905; x_wconf 88' lang='lat' dir='ltr'><strong>venatore</strong></span> <span class='ocrx_word' id='word_1_146' title='bbox 458 1841 556 1922; x_wconf 87' lang='lat' dir='ltr'><strong>latro,</strong></span> <span class='ocrx_word' id='word_1_147' title='bbox 587 1863 629 1904; x_wconf 86' lang='lat' dir='ltr'><strong>ex</strong></span> <span class='ocrx_word' id='word_1_148' title='bbox 648 1842 772 1915; x_wconf 84' lang='lat' dir='ltr'><strong>latrone</strong></span> <span class='ocrx_word' id='word_1_149' title='bbox 801 1842 906 1905; x_wconf 88' lang='lat' dir='ltr'><strong>subito</strong></span> <span class='ocrx_word' id='word_1_150' title='bbox 934 1844 1001 1904; x_wconf 84' lang='lat' dir='ltr'><strong>dux</strong></span> <span class='ocrx_word' id='word_1_151' title='bbox 1025 1844 1130 1929; x_wconf 87' lang='lat' dir='ltr'><strong>adque</strong></span> 
     </span>
     <span class='ocr_line' id='line_1_21' title="bbox 133 1923 1155 2010; baseline 0 -22"><span class='ocrx_word' id='word_1_152' title='bbox 133 1927 306 2009; x_wconf 89' lang='lat' dir='ltr'><strong>imperator</strong></span> <span class='ocrx_word' id='word_1_153' title='bbox 327 1932 368 2004; x_wconf 91' lang='lat' dir='ltr'><strong>et,</strong></span> <span class='ocrx_word' id='word_1_154' title='bbox 389 1925 418 1986; x_wconf 90' lang='lat' dir='ltr'><strong>si</strong></span> <span class='ocrx_word' id='word_1_155' title='bbox 438 1923 568 1986; x_wconf 83' lang='lat' dir='ltr'><strong>fortuna</strong></span> <span class='ocrx_word' id='word_1_156' title='bbox 584 1927 742 2005; x_wconf 88' lang='lat' dir='ltr'><strong>cessisset,</strong></span> <span class='ocrx_word' id='word_1_157' title='bbox 764 1924 942 2008; x_wconf 87' lang='lat' dir='ltr'><strong>Hispaniae</strong></span> <span class='ocrx_word' id='word_1_158' title='bbox 963 1925 1155 2010; x_wconf 69' lang='lat' dir='ltr'><strong>Romuleam</strong></span> 
     </span>
     <span class='ocr_line' id='line_1_22' title="bbox 133 2004 1130 2092; baseline 0.004 -21"><span class='ocrx_word' id='word_1_159' title='bbox 133 2028 198 2071; x_wconf 93' lang='lat' dir='ltr'><strong>non</strong></span> <span class='ocrx_word' id='word_1_160' title='bbox 218 2014 386 2079; x_wconf 86' lang='lat' dir='ltr'><strong>contentus</strong></span> <span class='ocrx_word' id='word_1_161' title='bbox 408 2004 589 2069; x_wconf 88' lang='lat' dir='ltr'><strong>libertatem</strong></span> <span class='ocrx_word' id='word_1_162' title='bbox 611 2028 743 2071; x_wconf 90' lang='lat' dir='ltr'><strong>suorum</strong></span> <span class='ocrx_word' id='word_1_163' title='bbox 764 2007 948 2087; x_wconf 90' lang='lat' dir='ltr'><strong>defendere,</strong></span> <span class='ocrx_word' id='word_1_164' title='bbox 965 2028 1023 2090; x_wconf 90' lang='lat' dir='ltr'><strong>per</strong></span> <span class='ocrx_word' id='word_1_165' title='bbox 1040 2019 1130 2092; x_wconf 90' lang='lat' dir='ltr'><strong>quat·</strong></span> 
     </span>
     <span class='ocr_line' id='line_1_23' title="bbox 132 2089 1130 2176; baseline 0.002 -20"><span class='ocrx_word' id='word_1_166' title='bbox 132 2089 310 2167; x_wconf 85' lang='lat' dir='ltr'><strong>tuordecim</strong></span> <span class='ocrx_word' id='word_1_167' title='bbox 328 2109 429 2159; x_wconf 86' lang='lat' dir='ltr'><strong>annos</strong></span> <span class='ocrx_word' id='word_1_168' title='bbox 451 2089 558 2154; x_wconf 92' lang='lat' dir='ltr'><strong>omnia</strong></span> <span class='ocrx_word' id='word_1_169' title='bbox 578 2092 660 2153; x_wconf 89' lang='lat' dir='ltr'><strong>citra</strong></span> <span class='ocrx_word' id='word_1_170' title='bbox 678 2090 825 2176; x_wconf 88' lang='lat' dir='ltr'><strong>ultraque</strong></span> <span class='ocrx_word' id='word_1_171' title='bbox 842 2089 1000 2155; x_wconf 89' lang='lat' dir='ltr'><strong>Hiberum</strong></span> <span class='ocrx_word' id='word_1_172' title='bbox 1019 2099 1051 2153; x_wconf 91' lang='lat' dir='ltr'><strong>et</strong></span> <span class='ocrx_word' id='word_1_173' title='bbox 1070 2093 1130 2158; x_wconf 85' lang='lat' dir='ltr'><strong>Ta·</strong></span> 
     </span>
    </p>

    <p class='ocr_par' dir='ltr' id='par_1_10' title="bbox 94 2173 1156 2511">
     <span class='ocr_line' id='line_1_24' title="bbox 94 2173 1132 2260; baseline 0.001 -20"><span class='ocrx_word' id='word_1_174' title='bbox 94 2195 124 2247; x_wconf 85' lang='lat'><strong>16</strong></span> <span class='ocrx_word' id='word_1_175' title='bbox 134 2197 211 2260; x_wconf 86' lang='lat' dir='ltr'><strong>gum</strong></span> <span class='ocrx_word' id='word_1_176' title='bbox 233 2174 302 2259; x_wconf 86' lang='lat' dir='ltr'><strong>igni</strong></span> <span class='ocrx_word' id='word_1_177' title='bbox 323 2174 474 2259; x_wconf 83' lang='lat' dir='ltr'><strong>ferroque</strong></span> <span class='ocrx_word' id='word_1_178' title='bbox 495 2173 681 2259; x_wconf 87' lang='lat' dir='ltr'><strong>populatus,</strong></span> <span class='ocrx_word' id='word_1_179' title='bbox 705 2183 809 2238; x_wconf 87' lang='lat' dir='ltr'><strong>castra</strong></span> <span class='ocrx_word' id='word_1_180' title='bbox 830 2175 926 2238; x_wconf 91' lang='lat' dir='ltr'><strong>etiam</strong></span> <span class='ocrx_word' id='word_1_181' title='bbox 946 2182 1132 2259; x_wconf 89' lang='lat' dir='ltr'><strong>praetorum</strong></span> 
     </span>
     <span class='ocr_line' id='line_1_25' title="bbox 134 2257 1131 2345; baseline 0.001 -22"><span class='ocrx_word' id='word_1_182' title='bbox 134 2267 166 2324; x_wconf 89' lang='lat' dir='ltr'><strong>et</strong></span> <span class='ocrx_word' id='word_1_183' title='bbox 185 2258 347 2345; x_wconf 88' lang='lat' dir='ltr'><strong>praesidia</strong></span> <span class='ocrx_word' id='word_1_184' title='bbox 363 2257 546 2342; x_wconf 87' lang='lat' dir='ltr'><strong>adgressus,</strong></span> <span class='ocrx_word' id='word_1_185' title='bbox 560 2257 740 2339; x_wconf 55' lang='lat' dir='ltr'><strong>,Claudium</strong></span> <span class='ocrx_word' id='word_1_186' title='bbox 761 2259 956 2322; x_wconf 89' lang='lat' dir='ltr'><strong>Vnimanum</strong></span> <span class='ocrx_word' id='word_1_187' title='bbox 967 2278 1071 2342; x_wconf 89' lang='lat' dir='ltr'><strong>paene</strong></span> <span class='ocrx_word' id='word_1_188' title='bbox 1090 2260 1131 2324; x_wconf 89' lang='lat' dir='ltr'><strong>ad</strong></span> 
     </span>
     <span class='ocr_line' id='line_1_26' title="bbox 133 2340 1156 2426; baseline 0 -20"><span class='ocrx_word' id='word_1_189' title='bbox 133 2343 378 2407; x_wconf 89' lang='lat' dir='ltr'><strong>internicionem</strong></span> <span class='ocrx_word' id='word_1_190' title='bbox 395 2343 697 2408; x_wconf 85' lang='lat' dir='ltr'><strong>exercitus&#39;cecidit</strong></span> <span class='ocrx_word' id='word_1_191' title='bbox 727 2351 758 2406; x_wconf 90' lang='lat' dir='ltr'><strong>et</strong></span> <span class='ocrx_word' id='word_1_192' title='bbox 785 2342 926 2426; x_wconf 89' lang='lat' dir='ltr'><strong>insignia</strong></span> <span class='ocrx_word' id='word_1_193' title='bbox 953 2340 1075 2407; x_wconf 90' lang='lat' dir='ltr'><strong>trabeis</strong></span> <span class='ocrx_word' id='word_1_194' title='bbox 1098 2353 1156 2408; x_wconf 80' lang='lat' dir='ltr'><strong>eta</strong></span> 
     </span>
     <span class='ocr_line' id='line_1_27' title="bbox 134 2425 1130 2511; baseline -0.001 -21"><span class='ocrx_word' id='word_1_195' title='bbox 134 2425 276 2490; x_wconf 85' lang='lat' dir='ltr'><strong>fascibus</strong></span> <span class='ocrx_word' id='word_1_196' title='bbox 294 2429 412 2491; x_wconf 89' lang='lat' dir='ltr'><strong>nostris</strong></span> <span class='ocrx_word' id='word_1_197' title='bbox 430 2448 511 2511; x_wconf 91' lang='lat' dir='ltr'><strong>quae</strong></span> <span class='ocrx_word' id='word_1_198' title='bbox 533 2448 569 2489; x_wconf 89' lang='lat' dir='ltr'><strong>ee</strong></span> <span class='ocrx_word' id='word_1_199' title='bbox 593 2435 662 2490; x_wconf 89' lang='lat' dir='ltr'><strong>erat</strong></span> <span class='ocrx_word' id='word_1_200' title='bbox 682 2427 716 2490; x_wconf 92' lang='lat' dir='ltr'><strong>in</strong></span> <span class='ocrx_word' id='word_1_201' title='bbox 732 2425 892 2489; x_wconf 89' lang='lat' dir='ltr'><strong>montibus</strong></span> <span class='ocrx_word' id='word_1_202' title='bbox 911 2426 976 2488; x_wconf 90' lang='lat' dir='ltr'><strong>suis</strong></span> <span class='ocrx_word' id='word_1_203' title='bbox 997 2434 1130 2510; x_wconf 85' lang='lat' dir='ltr'><strong>tropaea</strong></span> 
     </span>
    </p>

    <p class='ocr_par' dir='ltr' id='par_1_11' title="bbox 92 2506 1157 2927">
     <span class='ocr_line' id='line_1_28' title="bbox 92 2506 1130 2606; baseline 0.001 -34"><span class='ocrx_word' id='word_1_204' title='bbox 92 2508 216 2579; x_wconf 73' lang='lat' dir='ltr'><strong>ltfixit.</strong></span> <span class='ocrx_word' id='word_1_205' title='bbox 234 2509 364 2572; x_wconf 91' lang='lat' dir='ltr'><strong>tandem</strong></span> <span class='ocrx_word' id='word_1_206' title='bbox 381 2529 454 2570; x_wconf 89' lang='lat' dir='ltr'><strong>eum</strong></span> <span class='ocrx_word' id='word_1_207' title='bbox 471 2510 535 2570; x_wconf 90' lang='lat' dir='ltr'><strong>iam</strong></span> <span class='ocrx_word' id='word_1_208' title='bbox 583 2508 675 2571; x_wconf 91' lang='lat' dir='ltr'><strong>abius</strong></span> <span class='ocrx_word' id='word_1_209' title='bbox 689 2508 851 2572; x_wconf 84' lang='lat' dir='ltr'><strong>Maximus</strong></span> <span class='ocrx_word' id='word_1_210' title='bbox 869 2508 981 2571; x_wconf 89' lang='lat' dir='ltr'><strong>consul</strong></span> <span class='ocrx_word' id='word_1_211' title='bbox 1001 2506 1130 2606; x_wconf 89' lang='lat' dir='ltr'><strong>oppres·</strong></span> 
     </span>
     <span class='ocr_line' id='line_1_29' title="bbox 135 2590 1128 2675; baseline 0.001 -19"><span class='ocrx_word' id='word_1_212' title='bbox 135 2599 235 2673; x_wconf 72' lang='lat' dir='ltr'><strong>serat,</strong></span> <span class='ocrx_word' id='word_1_213' title='bbox 264 2591 322 2654; x_wconf 92' lang='lat' dir='ltr'><strong>sed</strong></span> <span class='ocrx_word' id='word_1_214' title='bbox 348 2611 368 2652; x_wconf 87' lang='lat' dir='ltr'><strong>a</strong></span> <span class='ocrx_word' id='word_1_215' title='bbox 399 2610 582 2655; x_wconf 87' lang='lat' dir='ltr'><strong>successore</strong></span> <span class='ocrx_word' id='word_1_216' title='bbox 610 2590 736 2675; x_wconf 92' lang='lat' dir='ltr'><strong>Popilio</strong></span> <span class='ocrx_word' id='word_1_217' title='bbox 765 2591 887 2655; x_wconf 89' lang='lat' dir='ltr'><strong>violata</strong></span> <span class='ocrx_word' id='word_1_218' title='bbox 912 2593 1058 2656; x_wconf 79' lang='lat' dir='ltr'><strong>victoria.</strong></span> <span class='ocrx_word' id='word_1_219' title='bbox 1072 2601 1128 2657; x_wconf 87' lang='lat' dir='ltr'><strong>est.</strong></span> 
     </span>
     <span class='ocr_line' id='line_1_30' title="bbox 134 2672 1130 2761; baseline 0.002 -24"><span class='ocrx_word' id='word_1_220' title='bbox 134 2675 251 2761; x_wconf 91' lang='lat' dir='ltr'><strong>quippe</strong></span> <span class='ocrx_word' id='word_1_221' title='bbox 270 2674 326 2759; x_wconf 90' lang='lat' dir='ltr'><strong>qui</strong></span> <span class='ocrx_word' id='word_1_222' title='bbox 340 2672 557 2737; x_wconf 87' lang='lat' dir='ltr'><strong>conficiendae</strong></span> <span class='ocrx_word' id='word_1_223' title='bbox 579 2674 626 2738; x_wconf 91' lang='lat' dir='ltr'><strong>rei</strong></span> <span class='ocrx_word' id='word_1_224' title='bbox 643 2675 787 2758; x_wconf 89' lang='lat' dir='ltr'><strong>cupidus,</strong></span> <span class='ocrx_word' id='word_1_225' title='bbox 807 2675 945 2739; x_wconf 80' lang='lat' dir='ltr'><strong>fractum</strong></span> <span class='ocrx_word' id='word_1_226' title='bbox 966 2674 1082 2739; x_wconf 90' lang='lat' dir='ltr'><strong>ducem</strong></span> <span class='ocrx_word' id='word_1_227' title='bbox 1100 2684 1130 2739; x_wconf 88' lang='lat' dir='ltr'><strong>st</strong></span> 
     </span>
     <span class='ocr_line' id='line_1_31' title="bbox 134 2756 1157 2842; baseline -0.002 -19"><span class='ocrx_word' id='word_1_228' title='bbox 134 2767 278 2823; x_wconf 84' lang='lat' dir='ltr'><strong>extrema</strong></span> <span class='ocrx_word' id='word_1_229' title='bbox 292 2756 472 2822; x_wconf 19' lang='lat' dir='ltr'><strong>&gt;deditionis</strong></span> <span class='ocrx_word' id='word_1_230' title='bbox 495 2759 671 2842; x_wconf 86' lang='lat' dir='ltr'><strong>agitantem</strong></span> <span class='ocrx_word' id='word_1_231' title='bbox 691 2781 750 2842; x_wconf 89' lang='lat' dir='ltr'><strong>per</strong></span> <span class='ocrx_word' id='word_1_232' title='bbox 771 2759 917 2823; x_wconf 83' lang='lat' dir='ltr'><strong>fraudem</strong></span> <span class='ocrx_word' id='word_1_233' title='bbox 939 2766 970 2821; x_wconf 90' lang='lat' dir='ltr'><strong>et</strong></span> <span class='ocrx_word' id='word_1_234' title='bbox 994 2759 1129 2823; x_wconf 88' lang='lat' dir='ltr'><strong>insidias</strong></span> <span class='ocrx_word' id='word_1_235' title='bbox 1137 2779 1157 2822; x_wconf 85' lang='lat' dir='ltr'><strong>a</strong></span> 
     </span>
     <span class='ocr_line' id='line_1_32' title="bbox 134 2841 1131 2927; baseline -0.001 -19"><span class='ocrx_word' id='word_1_236' title='bbox 134 2852 167 2908; x_wconf 88' lang='lat' dir='ltr'><strong>et</strong></span> <span class='ocrx_word' id='word_1_237' title='bbox 176 2841 368 2907; x_wconf 90' lang='lat' dir='ltr'><strong>domesticos</strong></span> <span class='ocrx_word' id='word_1_238' title='bbox 380 2862 584 2926; x_wconf 89' lang='lat' dir='ltr'><strong>percussores</strong></span> <span class='ocrx_word' id='word_1_239' title='bbox 603 2842 786 2926; x_wconf 85' lang='lat' dir='ltr'><strong>adgressus,</strong></span> <span class='ocrx_word' id='word_1_240' title='bbox 805 2841 888 2905; x_wconf 90' lang='lat' dir='ltr'><strong>hanc</strong></span> <span class='ocrx_word' id='word_1_241' title='bbox 898 2841 983 2905; x_wconf 90' lang='lat' dir='ltr'><strong>hosti</strong></span> <span class='ocrx_word' id='word_1_242' title='bbox 993 2841 1131 2927; x_wconf 87' lang='lat' dir='ltr'><strong>gloriam</strong></span> 
     </span>
    </p>

    <p class='ocr_par' dir='ltr' id='par_1_12' title="bbox 92 2925 913 3011">
     <span class='ocr_line' id='line_1_33' title="bbox 92 2925 913 3011; baseline -0.005 -19"><span class='ocrx_word' id='word_1_243' title='bbox 92 2976 94 2980; x_wconf 68' lang='lat'><strong>,</strong></span> <span class='ocrx_word' id='word_1_244' title='bbox 135 2927 233 3011; x_wconf 91' lang='lat' dir='ltr'><strong>dedit,</strong></span> <span class='ocrx_word' id='word_1_245' title='bbox 253 2935 290 2991; x_wconf 88' lang='lat' dir='ltr'><strong>ut</strong></span> <span class='ocrx_word' id='word_1_246' title='bbox 312 2925 479 2990; x_wconf 88' lang='lat' dir='ltr'><strong>videretur</strong></span> <span class='ocrx_word' id='word_1_247' title='bbox 500 2926 593 2989; x_wconf 91' lang='lat' dir='ltr'><strong>aliter</strong></span> <span class='ocrx_word' id='word_1_248' title='bbox 613 2927 702 2989; x_wconf 88' lang='lat' dir='ltr'><strong>vinei</strong></span> <span class='ocrx_word' id='word_1_249' title='bbox 723 2944 788 2990; x_wconf 90' lang='lat' dir='ltr'><strong>non</strong></span> <span class='ocrx_word' id='word_1_250' title='bbox 809 2946 913 3009; x_wconf 85' lang='lat' dir='ltr'><strong>posse.</strong></span> 
     </span>
    </p>
   </div>
   <div class='ocr_carea' id='block_1_3' title="bbox 264 3056 1003 3124">
    <p class='ocr_par' dir='ltr' id='par_1_13' title="bbox 264 3056 1003 3124">
     <span class='ocr_line' id='line_1_34' title="bbox 264 3056 1003 3124; baseline -0.001 0"><span class='ocrx_word' id='word_1_251' title='bbox 264 3057 450 3124; x_wconf 81' lang='lat' dir='ltr'>XXXIIII.</span> <span class='ocrx_word' id='word_1_252' title='bbox 480 3057 665 3123; x_wconf 87' lang='lat' dir='ltr'><strong>BELLVM</strong></span> <span class='ocrx_word' id='word_1_253' title='bbox 688 3056 1003 3123; x_wconf 84' lang='lat' dir='ltr'>NVMANTINVM.</span> 
     </span>
    </p>
   </div>
   <div class='ocr_carea' id='block_1_4' title="bbox 66 3166 1163 3514">
    <p class='ocr_par' dir='ltr' id='par_1_14' title="bbox 66 3166 1163 3444">
     <span class='ocr_line' id='line_1_35' title="bbox 66 3166 1133 3276; baseline 0.002 -36"><span class='ocrx_word' id='word_1_254' title='bbox 66 3177 151 3259; x_wconf 82' lang='lat'><strong>11,18</strong></span> <span class='ocrx_word' id='word_1_255' title='bbox 216 3166 392 3244; x_wconf 85' lang='lat' dir='ltr'><strong>Numantia</strong></span> <span class='ocrx_word' id='word_1_256' title='bbox 408 3184 560 3276; x_wconf 75' lang='lat' dir='ltr'><strong>quantum</strong></span> <span class='ocrx_word' id='word_1_257' title='bbox 574 3175 794 3258; x_wconf 66' lang='lat' dir='ltr'><strong>Carthaginis,</strong></span> <span class='ocrx_word' id='word_1_258' title='bbox 819 3175 958 3261; x_wconf 76' lang='lat' dir='ltr'><strong>Capuae,</strong></span> <span class='ocrx_word' id='word_1_259' title='bbox 982 3176 1133 3243; x_wconf 77' lang='lat' dir='ltr'><strong>Corinthi</strong></span> 
     </span>
     <span class='ocr_line' id='line_1_36' title="bbox 135 3259 1163 3345; baseline 0.002 -21"><span class='ocrx_word' id='word_1_260' title='bbox 135 3259 248 3345; x_wconf 89' lang='lat' dir='ltr'><strong>opibus</strong></span> <span class='ocrx_word' id='word_1_261' title='bbox 265 3262 407 3342; x_wconf 88' lang='lat' dir='ltr'><strong>inferior,</strong></span> <span class='ocrx_word' id='word_1_262' title='bbox 422 3271 468 3324; x_wconf 88' lang='lat' dir='ltr'><strong>1ta</strong></span> <span class='ocrx_word' id='word_1_263' title='bbox 481 3260 609 3325; x_wconf 87' lang='lat' dir='ltr'><strong>virtutis</strong></span> <span class='ocrx_word' id='word_1_264' title='bbox 626 3261 755 3322; x_wconf 89' lang='lat' dir='ltr'><strong>nomine</strong></span> <span class='ocrx_word' id='word_1_265' title='bbox 771 3260 935 3324; x_wconf 90' lang='lat' dir='ltr'><strong>ethonore</strong></span> <span class='ocrx_word' id='word_1_266' title='bbox 951 3281 1014 3344; x_wconf 90' lang='lat' dir='ltr'><strong>par·</strong></span> <span class='ocrx_word' id='word_1_267' title='bbox 1027 3264 1131 3326; x_wconf 89' lang='lat' dir='ltr'><strong>omni·</strong></span> <span class='ocrx_word' id='word_1_268' title='bbox 1141 3283 1163 3326; x_wconf 82' lang='lat' dir='ltr'><strong>a</strong></span> 
     </span>
     <span class='ocr_line' id='line_1_37' title="bbox 134 3343 1131 3444; baseline 0.002 -36"><span class='ocrx_word' id='word_1_269' title='bbox 134 3343 204 3424; x_wconf 92' lang='lat' dir='ltr'><strong>bus,</strong></span> <span class='ocrx_word' id='word_1_270' title='bbox 227 3366 460 3444; x_wconf 75' lang='lat' dir='ltr'><strong>summumque,</strong></span> <span class='ocrx_word' id='word_1_271' title='bbox 482 3345 604 3407; x_wconf 86' lang='lat' dir='ltr'><strong>sivero</strong></span> <span class='ocrx_word' id='word_1_272' title='bbox 628 3344 795 3423; x_wconf 89' lang='lat' dir='ltr'><strong>aestimes,</strong></span> <span class='ocrx_word' id='word_1_273' title='bbox 816 3343 993 3428; x_wconf 90' lang='lat' dir='ltr'><strong>Hispaniae</strong></span> <span class='ocrx_word' id='word_1_274' title='bbox 1018 3343 1131 3410; x_wconf 85' lang='lat' dir='ltr'><strong>decus.</strong></span> 
     </span>
    </p>

    <p class='ocr_par' dir='ltr' id='par_1_15' title="bbox 71 3425 1134 3514">
     <span class='ocr_line' id='line_1_38' title="bbox 71 3425 1134 3514; baseline 0.005 -24"><span class='ocrx_word' id='word_1_275' title='bbox 71 3476 74 3481; x_wconf 84' lang='lat'>.</span> <span class='ocrx_word' id='word_1_276' title='bbox 109 3429 251 3514; x_wconf 76' lang='lat' dir='ltr'><strong>aquippe</strong></span> <span class='ocrx_word' id='word_1_277' title='bbox 273 3449 356 3511; x_wconf 92' lang='lat' dir='ltr'><strong>quae</strong></span> <span class='ocrx_word' id='word_1_278' title='bbox 383 3450 452 3492; x_wconf 78' lang='lat' dir='ltr'><strong>sine</strong></span> <span class='ocrx_word' id='word_1_279' title='bbox 478 3447 585 3508; x_wconf 88' lang='lat' dir='ltr'><strong>muro,</strong></span> <span class='ocrx_word' id='word_1_280' title='bbox 616 3426 685 3490; x_wconf 89' lang='lat' dir='ltr'><strong>sine</strong></span> <span class='ocrx_word' id='word_1_281' title='bbox 706 3426 862 3509; x_wconf 87' lang='lat' dir='ltr'><strong>turribus,</strong></span> <span class='ocrx_word' id='word_1_282' title='bbox 892 3425 1017 3490; x_wconf 90' lang='lat' dir='ltr'><strong>modice</strong></span> <span class='ocrx_word' id='word_1_283' title='bbox 1041 3429 1134 3495; x_wconf 91' lang='lat' dir='ltr'><strong>edito</strong></span> 
     </span>
    </p>
   </div>
   <div class='ocr_carea' id='block_1_5' title="bbox 0 0 1182 3818">
    <p class='ocr_par' dir='ltr' id='par_1_16' title="bbox 0 0 1182 3818">
     <span class='ocr_line' id='line_1_39' title="bbox 0 0 1182 3818; baseline 0 0"><span class='ocrx_word' id='word_1_284' title='bbox 0 0 1182 3818; x_wconf 95' lang='lat' dir='ltr'><strong> </strong></span> 
     </span>
    </p>
   </div>
  </div>
 </body>
</html>
