2356 3818
122 110 162 173 24
317 90 320 97 ’
466 109 578 170 'rimu
595 122 760 170 arnoul.

123 273 278 339 victoriae
291 291 349 335 aus
372 271 471 335 icium
486 272 558 337 fuit.
585 274 671 336 intra
682 274 768 337 enim
779 274 1024 359 sexagesimum
1039 278 1123 345 diem

124 377 219 443 quam
230 376 324 419 caesa
330 292 414 418 srlva
424 355 530 419 fuerat
540 365 667 419 centum
679 358 850 440 sexaginta
859 359 993 423 navium
1007 362 1122 428 classis

123 442 157 505 in
177 437 324 502 anchoris
343 440 446 520 stetit,
467 448 503 502 ut
519 450 584 504 non
600 449 668 503 arte
686 439 806 523 factae,
830 440 888 505 sed
899 443 1046 528 quodam
1056 469 1122 510 mu-

121 544 199 589 nere
216 522 349 587 deorum
366 544 542 587 conversae
559 523 594 586 in
610 544 711 586 naves
736 523 841 609 adque
863 534 1008 590 mutatae
1030 530 1122 595 arbo

96 628 174 679 ares
192 606 389 670 viderentur.
415 605 531 690 proelii
548 628 626 672 vero
646 607 752 671 forma
767 607 941 690 mirabilis,
960 631 1040 675 cum
1050 613 1138 680 illast

121 689 236 755 celeris
254 689 459 774 volucrisque
477 688 617 753 hostium
633 691 726 753 navis
738 690 799 756 hae
810 713 928 775 graves
941 695 1122 783 tardaeque

121 772 427 858 conprehenderent.
456 772 552 858 longe
563 773 628 838 illis
641 776 788 838 nauticae
806 784 907 858 artes,
926 776 1122 865 detorquere

96 879 226 938 premoa
239 867 271 921 et
281 856 440 921 ludificari
450 857 530 956 fuga
540 866 655 922 rostra.
670 859 807 922 iniectae
819 859 904 922 enim
915 859 1046 925 ferreae
1057 885 1121 929 ma

121 964 182 1006 nus
193 940 423 1026 machinaeque
435 940 578 1023 val1dae,
599 951 673 1005 ante
684 952 847 1005 certamen
856 942 995 1007 multum
1010 945 1056 1009 ab
1067 946 1121 1012 ho

121 1035 169 1092 ste
189 1025 329 1104 derisae,
348 1025 514 1110 coactique
531 1024 639 1089 hostes
653 1026 746 1110 quasi
761 1027 796 1089 in
815 1025 918 1090 solido
931 1026 1144 1094 decernerem

123 1110 224 1174 victor
236 1129 312 1190 ergo
319 1115 400 1191 aput
406 1107 542 1192 Liparas
554 1130 660 1172 mersa
671 1117 727 1171 aut
740 1108 853 1192 fugata
861 1109 1002 1173 hostium
1015 1111 1121 1178 classe

80 1193 259 1278 10primum
281 1189 374 1252 illum
392 1193 588 1255 maritimum
606 1193 672 1275 egit
689 1193 896 1277 triumphum.
926 1194 1020 1258 cuius
1033 1196 1121 1282 quod

120 1274 275 1358 gaudium
294 1272 372 1337 suit!
396 1294 468 1336 cum
485 1274 629 1341 Duillius
650 1276 838 1359 imperator,
861 1298 926 1342 non
947 1287 1121 1343 contentus

120 1358 215 1423 unius
228 1357 293 1421 diei
302 1356 481 1442 triumpho,
497 1360 667 1444 pervitam
682 1381 822 1442 omnem,
837 1360 925 1424 ubia
942 1382 1025 1424 cena
1036 1363 1120 1427 r‘edi·

120 1449 179 1523 ret,
200 1441 386 1527 praelucere
405 1441 528 1506 funalia
547 1451 578 1507 ct
596 1445 782 1528 praecinere
807 1446 870 1509 sibi
889 1444 987 1508 tibias
1010 1447 1144 1528 iussittt

79 1543 109 1593 11
142 1530 213 1590 uasi
226 1526 342 1591 cotidie
353 1526 573 1610 triumpharet.
601 1536 777 1611 praetenta
787 1527 883 1593 huius
895 1528 1035 1592 victoria
1047 1529 1120 1595 leve

163 1633 273 1673 mnum
291 1610 353 1673 fuit
369 1609 451 1673 alter
470 1610 638 1675 consulum
655 1612 851 1696 interceptus
871 1613 976 1676 Asina
997 1610 1120 1678 Corne·

20 1694 23 1709 '
121 1692 193 1773 lius,
206 1695 262 1778 qui
272 1692 420 1756 simulato
432 1691 514 1756 collo
538 1694 591 1756 uio
604 1702 756 1757 evocatus
768 1704 863 1780 atque
875 1697 921 1758 ita
932 1717 1120 1780 oppressus,

120 1774 182 1839 fuit
192 1774 346 1858 perfidiae
357 1775 500 1837 Punicae
512 1715 747 1839 documentum.
1071 1828 1075 1833 .

80 1863 112 1913 12
206 1855 352 1922 Calatino
370 1856 524 1921 dictatore
541 1857 610 1921 fere
628 1859 735 1921 omnia
749 1859 912 1942 praesidia
930 1860 1144 1929 Poenoruma

120 1940 299 2026 Agrigento
305 1987 314 2021 ,
340 1938 516 2024 Drepanis,
543 1938 741 2023 Panhormo,
768 1941 875 2026 Eryce
892 1941 1121 2034 Lilybaeoque

79 2033 110 2086 13
121 2024 269 2089 detraxit.
291 2023 486 2108 trepidatum
499 2032 547 2088 est
555 2024 655 2088 semel
667 2026 753 2088 circa
765 2023 1044 2090 Camerinensium
1057 2031 1121 2097 sal-

119 2117 201 2191 tum,
220 2107 278 2172 sed
290 2108 409 2175 eximia
419 2109 538 2173 virtute
551 2108 707 2194 Calpurni
717 2109 883 2174 Flammae
899 2108 1023 2173 tribuni
1034 2115 1121 2179 mili-
1166 2174 1168 2185 ,

119 2202 188 2256 tum
199 2193 371 2257 evasimus.
400 2194 455 2279 qui
465 2192 775 2258 lectatrecentorum
792 2215 890 2258 manu
901 2194 1065 2260 insessum
1075 2196 1120 2261 ab
1166 2202 1168 2229 ²

120 2276 266 2341 hostibus
281 2277 440 2341 tumulum
464 2278 633 2363 occupavit
651 2287 747 2364 atque
764 2288 905 2343 moratus
927 2276 1037 2342 hostes
1057 2289 1147 2362 esta

81 2364 112 2413 14
122 2361 198 2424 dum
209 2362 369 2425 exercitus
382 2360 484 2424 omnis
497 2362 659 2425 evaderet.
684 2383 722 2425 ac
740 2363 787 2425 sic
819 2361 1011 2424 ulcherrimo
1024 2365 1120 2428 exitu

121 2440 410 2525 Thermopylarum
421 2451 453 2505 et
463 2443 627 2506 Leonidae
638 2444 757 2506 famam
768 2384 974 2530 adaequavit,
994 2444 1057 2509 hoc
1068 2448 1119 2511 in·

120 2524 251 2588 lustrior
262 2533 372 2587 noster
378 2574 387 2606 ,
406 2525 493 2611 quod
505 2525 702 2609 expeditioni
711 2535 820 2590 tantae
841 2527 1013 2612 superfuit,
1039 2528 1120 2595 licet

120 2605 201 2670 nihil
212 2607 413 2691 inscripserit
424 2610 590 2692 sanguine.

80 2703 112 2752 15
203 2690 305 2753 Lucio
325 2689 475 2755 Cornelio
494 2690 548 2756 Sci
570 2692 643 2756 ione
662 2692 807 2776 consule,
831 2715 903 2756 cum
919 2695 984 2757 iarn
1003 2692 1149 2768 Siciliam

32 2852 35 2857 p
122 2773 306 2840 suburbana
324 2783 410 2837 esset
425 2775 537 2860 populi
549 2714 687 2840 ltomani
702 2777 883 2862 provincia,
904 2786 1053 2863 serpente
1069 2778 1117 2842 la

43 2892 45 2897 v
81 2861 185 2925 latius
196 2857 282 2923 bello
294 2856 476 2922 Sardiniam
487 2859 710 2959 adnexamque
723 2859 888 2932 Corsicam
899 2862 1036 2924 transiit.
1059 2861 1116 2927 Ol·

122 2941 195 3007 biae
205 2940 272 3024 hic,
289 2941 337 3006 ibi
346 2941 477 3006 Aleriae
493 2943 584 3007 urbis
596 2943 723 3008 exordio
740 2943 863 3009 incolas
873 2946 1001 3025 torruit,
1018 2944 1116 3009 adeo·

123 3048 184 3110 que
196 3028 282 3089 omni
292 3034 379 3090 terra
389 3033 421 3088 et
432 3026 514 3090 mari
523 3016 650 3095 Poenos
662 3029 823 3112 purgavit,
835 3028 946 3091 utiam
957 3030 1116 3093 victoriae

122 3108 203 3172 nihil
214 3110 423 3173 nisiAfricai
446 3131 482 3173 sa
495 3119 639 3174 restaret.
1123 3140 1150 3182 as

85 3205 112 3255 17
206 3191 315 3257 Marco
322 3132 560 3279 Atiliopllegulo
572 3193 728 3258 ducciam
740 3194 774 3257 in
781 3195 927 3258 Africam
937 3192 1117 3277 navigabat

122 3273 252 3339 bellum.
281 3297 342 3340 nec
360 3276 530 3341 defuerant
541 3278 597 3364 qui
614 3278 685 3362 ipso
697 3277 813 3341 Punici
823 3279 921 3341 maris
934 3278 1064 3341 nomine
1077 3300 1117 3343 ac

122 3367 245 3423 terrore
263 3357 452 3442 deficerent,
472 3361 604 3446 insuper
623 3370 761 3447 augente
772 3361 891 3425 Nautio
907 3359 1115 3427 tribunomc·
