2356 3818
442 250 648 302 PRAEFATIO.
724 276 726 282 r
1067 255 1094 303 V

10 403 118 464 'erant3
141 398 176 450 ci.
195 413 223 466 p.
242 400 319 464 nal
337 413 401 451 uum
418 397 593 466 pulchritudo
606 396 685 469 infru
704 399 863 467 pudicitiam
874 399 1016 474 principis
1027 388 1103 472 suits

10 511 40 523 -
54 485 89 550 7,
103 483 136 539 16
150 473 247 535 eminet
257 485 365 550 sumpto
379 487 444 536 sunt
453 481 478 534 1:
502 484 599 536 eminet
610 483 756 551 adsumpto
766 490 830 537 sunt
845 483 866 538 0
887 483 1039 538 seeundum
1057 484 1090 550 B,
1115 511 1120 521 «

10 567 47 636 Ιυἱ
61 565 147 620 habet
158 567 254 619 eminet
269 570 410 633 eusumpto
424 571 503 626 suut,·
519 565 573 634 ¹sed
587 581 688 620 vereor
704 581 738 618 ne
754 579 787 620 eo
802 566 870 621 nihil
884 568 919 621 sit
935 568 989 622 nisi
1002 583 1091 637 prava

10 649 129 720 epetitio
151 647 277 719 syllabae
299 647 499 704 antecedentis.
518 677 563 710 ⁴—
586 653 618 716 8,
633 649 738 707 2Lutii
758 651 817 718 (vel
832 649 908 718 Lati)
930 651 1090 721 oppiduli:
1128 664 1130 670 ⁸

10 731 79 810 Satio
93 725 237 801 op'pidutl,
258 733 359 801 oppido
373 732 450 786 Lutio
466 732 504 799 B,
527 733 629 802 oppido
646 735 674 787 iu
694 733 771 789 Latio
792 733 832 801 N;
856 735 958 804 oppidu
975 735 1047 789 Latii
1056 733 1090 789 Ὀ

10 832 66 879 tum
80 815 209 886 Hauptio.
246 816 336 870 Etiam
356 833 382 887 p.
392 821 440 883 v83,
455 821 504 882 35,
521 817 567 872 ubi
585 832 601 870 a
619 817 764 871 Bcostellu
783 820 876 883 abest,
898 818 953 872 aliu
971 817 1088 872 Thessa·

10 897 178 954 micmutlu
200 899 377 954 scribendum
397 899 516 955 videtur.
535 904 624 966 —8,
640 907 672 958 11
692 902 764 954 miro
784 916 829 956 res
843 902 943 956 dicitur
957 893 1091 966 extitisse:

10 983 126 1039 'cadurs
139 981 190 1036 131:
221 984 292 1037 miro
306 999 352 1038 res
367 984 457 1038 dictu!
468 986 592 1038 restitere
603 983 661 1038 ΝΟ.
699 983 774 1040 Nihil
786 999 887 1040 causae
899 982 1028 1050 videtur,
1041 999 1090 1039 eur

10 1067 83 1120 ectio
100 1065 218 1137 insignis
235 1067 263 1121 in
274 1067 309 1121 ΒΙ
328 1084 377 1138 pro
394 1067 563 1138 glossemate
575 1066 719 1123 habeatur.
735 1097 778 1108 -
804 1072 875 1134 8,15
894 1073 978 1138 caput
991 1073 1032 1122 cst
1043 1080 1089 1122 re—

10 1155 110 1204 tectum
125 1150 172 1219 lep
194 1178 237 1189 -
267 1155 298 1217 8,
319 1155 352 1208 18
365 1146 451 1205 donec
465 1151 562 1205 oberat
574 1151 652 1206 libido
674 1151 751 1222 IhpN
760 1144 771 1207 :=
799 1152 885 1207 donec
898 1153 999 1206 oderat
1011 1151 1096 1206 libido

10 1228 90 1289 eleo.
124 1234 280 1305 Lectionem
303 1245 386 1289 a'me
412 1234 555 1289 reductam
580 1240 634 1289 tom
651 1236 698 1290 diu
724 1235 799 1306 quod
817 1235 963 1306 praeeedit
980 1233 1090 1289 videtur

10 1308 140 1388 flagitare.
159 1345 202 1357 —
218 1322 248 1387 9,
270 1321 302 1376 13
314 1325 344 1372 ut
359 1319 500 1374 consulere
512 1318 611 1374 ciuibus
625 1322 683 1374 suis
695 1334 725 1374 se
739 1309 836 1374 debere
853 1321 1036 1395 meminissent
1049 1319 1089 1372 H:

10 1406 36 1455 te
47 1417 101 1455 orn.
113 1400 163 1469 Bl;
194 1407 258 1471 post
274 1403 415 1456 consulere
435 1407 478 1457 est
494 1403 523 1456 in
541 1401 598 1458 ΝΟ.
622 1431 664 1440 -
686 1408 733 1471 10,
750 1406 767 1460 9
783 1405 832 1457 illu
844 1403 964 1459 Romani
975 1403 1091 1457 nominis

10 1483 143 1554 uoluta:
154 1485 202 1538 illu
216 1487 243 1538 iu
259 1485 295 1540 R.
306 1501 335 1538 n.
345 1486 474 1557 prodipiu
487 1485 526 1551 B,
539 1484 613 1539 unde
628 1484 664 1540 0:
684 1487 731 1539 illu
743 1489 774 1542 ni
783 1485 819 1541 R.
831 1503 858 1541 n.
870 1487 971 1557 prod.,·
985 1487 1031 1539 illu
1041 1501 1089 1540 ro·
1158 1506 1160 1513 ⁴

10 1565 88 1622 mua
102 1569 231 1640 prodipiu
248 1569 281 1623 N.
320 1567 382 1621 Non
404 1585 465 1622 sum
487 1581 572 1623 ausus
595 1568 770 1639 ingeniosam
792 1570 880 1623 lahnii
901 1569 1090 1623 coniecturam

10 1643 148 1722 ¹leeipere3
163 1668 225 1706 nam
237 1658 264 1705 et
274 1653 306 1706 ni
318 1653 412 1729 nescio
425 1651 491 1722 quid
504 1651 621 1723 quaesiti
633 1651 723 1720 habet,
737 1659 763 1706 et
773 1659 864 1723 potest
876 1654 904 1707 in
916 1653 962 1706 illo
973 1653 1001 1706 in
1013 1649 1091 1705 aliud

10 1728 107 1804 hiere,
127 1737 216 1793 velut:
232 1737 281 1807 illo
292 1736 414 1792 inmunia
425 1735 546 1807 Romani
553 1752 580 1790 n.
590 1736 730 1807 prodipio.
741 1767 782 1775 —
794 1742 835 1804 ll,
847 1742 864 1794 2
874 1736 975 1806 proelii
984 1735 1042 1808 suit
1051 1735 1089 1788 B:

10 1814 59 1897 &eit
67 1822 169 1892 proelii
178 1822 202 1876 N
205 1821 235 1876 0.
252 1849 294 1860 --
311 1828 351 1890 11,
361 1827 395 1880 26
405 1820 505 1876 Manili
517 1820 563 1875 ΒΟ
574 1834 581 1874 :
604 1821 699 1874 muntii
707 1821 729 1887 1,
740 1822 830 1875 merci
836 1821 939 1875 mamili
948 1819 972 1874 N
980 1835 988 1887 ;
1005 1819 1089 1872 immo

10 1897 136 1970 ltmucii,·
153 1923 181 1960 v.
193 1905 253 1960 liv.
267 1906 316 1974 ΙΙΙ,
332 1912 365 1962 25
382 1922 441 1976 sqq.
460 1934 502 1944 -
519 1910 566 1973 11,
582 1909 617 1962 30
629 1905 766 1975 pecudum
779 1919 853 1959 more
864 1904 892 1958 le
905 1935 946 1944 —
958 1909 1006 1969 12,
1020 1905 1038 1958 4
1050 1903 1091 1956 sic

10 1989 138 2045 murato
152 1990 259 2058 sipnutu
269 1991 376 2044 nomine
389 1989 428 2043 H:
441 1991 462 2045 it
470 1989 534 2044 scel.
545 1990 636 2059 spuet
645 1990 751 2043 nomine
762 1988 793 2055 B,
810 1993 836 2043 et
845 1989 909 2042 scel.
922 1989 1030 2058 sipnotu
1040 2001 1090 2040 no-

10 2073 79 2129 unu
92 2072 133 2144 N,
148 2071 177 2126 id
185 2074 250 2127 scel.
261 2075 352 2145 sipnot
360 2075 467 2127 nomine
479 2073 511 2128 0.
521 2099 564 2111 --
586 2077 634 2138 12,
646 2075 664 2128 8
678 2077 774 2142 sponte
783 2086 814 2126 se
824 2071 988 2126 dediderunt
1001 2069 1038 2123 B:
1061 2082 1092 2124 se

10 2161 106 2226 ponte·
115 2155 276 2210 dediderunt
285 2156 396 2211 N0.·-
416 2161 459 2228 12,
471 2160 488 2214 9
502 2156 613 2225 scripsit
623 2154 752 2209 Iahnius:
771 2155 888 2209 ‘Falisci
905 2169 966 2234 cum
986 2152 1090 2208 obside-

10 2244 118 2309 ruitur,
138 2241 209 2294 miro
229 2242 267 2312 eis
287 2242 345 2295 orso
371 2241 426 2306 (est
443 2241 500 2294 uua
514 2238 552 2304 Β,
574 2239 632 2293 uiso
647 2244 688 2291 est
697 2238 734 2304 N)
751 2238 821 2308 fides
833 2237 1024 2306 imperatoris,
1040 2249 1092 2289 nee

10 2318 145 2393 monto„
160 2323 234 2394 quod
244 2323 301 2376 lindi
309 2324 472 2393 ,nrupistrum
489 2338 524 2360 ι
544 2350 579 2359 -
596 2320 649 2374 sili
661 2321 732 2376 ultro
746 2312 925 2374 remanset':
942 2335 1004 2373 cunr
1018 2325 1099 2374 reete,

10 2398 191 2463 intellexisset
201 2407 281 2462 Floro
297 2405 445 2481 dicendum
457 2405 543 2460 luisse
556 2420 611 2458 non
623 2404 694 2471 aliis,
710 2402 761 2458 sed
772 2404 888 2459 Faliscis
899 2402 984 2458 fidem
994 2402 1092 2456 miram

10 2491 99 2547 risam
110 2507 188 2558 esse,
206 2498 236 2557 ut
254 2493 420 2561 apparetex
431 2491 524 2544 verbis
542 2489 614 2560 quod
624 2517 717 2528 --
727 2489 779 2543 sili
788 2489 943 2544 remisisset
976 2487 1036 2557 Ego
1052 2491 1092 2539 ta-

10 2584 74 2629 men
89 2575 175 2629 malui
188 2576 227 2629 eis
244 2582 306 2629 ante
320 2581 359 2629 cst
374 2573 478 2629 addere
497 2589 579 2645 quam
595 2572 635 2627 sio
652 2589 687 2626 ex
697 2578 738 2627 est
757 2573 911 2628 immutare.
932 2597 974 2610 -
997 2576 1044 2637 12,
1058 2571 1091 2626 19

10 2658 64 2713 irent
75 2659 208 2728 primum:
228 2665 291 2713 tuuc
300 2660 422 2729 primum
434 2658 472 2725 N,
491 2662 545 2712 urm
560 2659 649 2726 primo
661 2655 719 2712 ΒΟ.
759 2655 827 2711 Cum
844 2669 980 2727 persaepe
1002 2649 1023 2709 ιῖ
1039 2658 1092 2706 eto

10 2734 65 2797 [er
82 2743 198 2796 eoniusa
210 2742 272 2808 sint,
289 2759 360 2797 arne
372 2743 519 2812 impetrare
531 2756 587 2794 non
600 2740 675 2811 potui
693 2746 720 2794 ut
729 2742 820 2810 primo
835 2747 930 2795 eontra
941 2754 1026 2792 usum·
1034 2751 1092 2789 ser·

10 2825 99 2880 monis
114 2826 202 2880 Latini
216 2826 380 2897 reciperem.
408 2827 500 2896 primo
520 2841 570 2895 pro
583 2825 705 2894 primum
722 2825 743 2878 B
760 2814 1089 2891 etiamhabetp.70,13·

10 2904 52 2977 lis,
64 2912 108 2976 31,
125 2915 152 2963 et
163 2911 186 2964 N
199 2927 227 2980 p.
239 2914 286 2978 34,
298 2913 340 2968 23.
360 2938 402 2948 —
415 2910 500 2963 Paulo
512 2913 576 2978 post
588 2903 631 2981 (v.
643 2909 691 2975 21)
706 2909 806 2978 scripsi
826 2923 887 2961 eum
900 2904 1010 2959 lahnio:
1028 2901 1090 2955 ‘od-

10 2998 87 3050 num
100 2993 176 3048 miles
189 3009 241 3048 suu
254 3000 348 3064 sponte
361 2992 552 3049 iureiurando
566 3005 602 3045 ne
615 2992 669 3046 nisi
682 2998 764 3062 coptu
778 2992 844 3046 urbe
858 2992 1002 3044 remearet.
1027 3001 1091 3056 spo-

10 3071 47 3132 ltu
61 3077 96 3132 de
105 3064 190 3132 Larte
207 3077 345 3132 Tolumnio
360 3091 424 3148 repe
440 3075 557 3145 (excidit
567 3088 631 3146 repe
645 3074 673 3128 in
686 3075 774 3130 lahnii
787 3074 867 3138 edit.)
885 3072 925 3126 ud
938 3071 1092 3126 Feretrium

11 3160 145 3231 sumpno
161 3161 322 3231 reportato?
341 3159 403 3217 ,Sed
418 3177 479 3215 curu
490 3160 512 3214 B
525 3161 566 3214 sie
578 3156 695 3214 habeat:
711 3159 838 3213 ‘adactus
851 3157 926 3210 miles
936 3170 987 3209 suu
998 3158 1093 3224 sponte
1132 3191 1134 3197 ν

10 3239 70 3299 itere
85 3245 203 3299 iurando
223 3260 259 3300 ne
274 3245 328 3299 nisi
345 3250 427 3314 copto
448 3244 517 3300 urbe
536 3247 680 3298 remearet.
714 3243 802 3312 spolia
824 3240 858 3295 de
877 3240 947 3293 lorte
967 3237 1092 3293 tolumnio

12 3338 75 3400 repe
87 3329 213 3403 efferret.
247 3327 412 3397 triumphurn
426 3327 601 3398 reportaret’
636 3324 713 3380 haud
731 3325 789 3380 scio
808 3340 844 3385 an
860 3323 930 3383 haee
942 3323 1004 3393 ipsa
1025 3319 1092 3375 scri·

14 3416 91 3479 utura
108 3406 271 3483 recipienda
287 3413 383 3479 luerit;
406 3428 469 3467 narn
487 3411 542 3465 iam
558 3416 631 3464 reete
647 3408 775 3463 Dulrerus
787 3413 944 3463 monuerat:
972 3404 1092 3459 ‘Perizo-

17 3493 73 3552 nus
85 3497 113 3551 iu
125 3495 275 3552 Animadv.
290 3495 360 3552 Hist.
376 3514 401 3553 e.
417 3495 468 3550 Vll
487 3493 579 3551 multis
598 3492 741 3564 disputat,
757 3487 1035 3549 §assumemus-sss
1047 3492 1117 3541 san·

10 3602 13 3637 Ι
190 3599 201 3627 Ι
674 3596 676 3601 “
