2356 3818
164 253 204 314 36
518 258 798 311 rnonrnrrronn.

165 414 240 480 bal‘?
255 413 313 479 sed
322 433 381 477 rex
391 413 458 477 suis
468 411 582 498 opibus
598 420 630 474 et
642 413 770 476 nomine
784 411 873 494 regio
886 410 992 474 fretus
1016 434 1046 476 sa

139 499 233 580 7bnit
243 495 364 561 bellum
374 517 513 561 movere.
540 494 672 579 Europa
688 493 861 558 iam‘dubio
872 495 988 579 procul
1001 498 1046 560 iur

163 582 206 646 ad
217 580 376 646 Romanos
387 577 578 662 pertinebat.
593 577 646 640 hic
656 576 903 663 Lysimachiam,
915 577 1037 644 urbem

96 706 99 713 ·
163 662 483 747 reThraciopesitam
492 681 513 724 a
523 660 698 725 maioribus
710 661 786 742 suis,
798 660 978 724 Antiochus
991 664 1046 726 ut'l

138 747 245 830 gtario
257 747 326 810 iure
337 742 511 830 repetebat.
544 744 604 808 hoc
614 744 704 808 velut
716 745 820 808 sidere
830 744 967 807 Asiatici
979 745 1046 809 bell

162 839 347 914 tempestas.
381 836 430 891 set
440 828 598 892 maximus
610 838 731 912 regum,
748 837 915 892 contentus
935 828 1046 914 fortite

161 911 384 993 nissebellum,
392 932 465 975 cum
476 911 748 997 ingenti-strepitu
757 933 794 974 ac
802 909 941 974 tumultu
951 914 1043 977 movi

162 998 252 1077 Asia,
269 995 432 1078 occupatis
445 994 678 1076 statimlinsnlis
695 994 914 1078 Graeciaeque
930 994 1046 1061 inerit

137 1101 153 1152 9
164 1088 195 1142 et
202 1078 297 1141 luxus
303 1079 396 1163 qnasi
401 1077 662 1161 victoragitebat.
674 1076 829 1142 Euboean
839 1076 978 1140 insulam
985 1101 1046 1144 con

163 1161 391 1225 adhaerentem
406 1162 496 1224 tenni
516 1160 599 1225 freto
614 1159 887 1245 reciprocantibus
906 1163 1000 1246 aquis
1017 1163 1046 1226 E

163 1244 352 1308 abscindit·
376 1244 429 1308 hic
456 1242 511 1308 ille
531 1244 644 1330 positis
675 1245 780 1307 aureis
810 1245 986 1330 sericisque
1015 1255 1046 1310 te

163 1325 223 1391 snb
243 1327 313 1412 ipso
336 1327 412 1391 freti
433 1347 604 1409 murmure,
628 1348 700 1390 cum
717 1326 930 1426 praefluentes
953 1349 1046 1414 aquen

162 1408 343 1496 fidibusque
365 1411 585 1493 concinerent,
615 1410 751 1476 conlatrs
771 1410 913 1496 undique
936 1421 1046 1496 quami

162 1493 299 1558 hiemem
315 1496 407 1576 rosis,
425 1517 466 1558 ne
488 1516 554 1560 non
574 1495 681 1581 aliquo
698 1516 815 1579 genere
833 1494 947 1558 ducem
965 1517 1045 1580 ager

122 1596 155 1648 10
164 1580 274 1663 ginum
283 1600 516 1664 puerorumque
532 1579 666 1643 dilectus
678 1577 826 1643 habebat.
850 1579 946 1641 talem
960 1601 1038 1664 ergo

164 1663 228 1724 iam
251 1663 380 1726 luxurie
401 1682 458 1725 sua
481 1661 676 1725 debellatum
700 1662 806 1726 Acilio
830 1661 1007 1745 Glabrione
1031 1686 1046 1727 e

163 1743 300 1829 populus
321 1744 484 1809 Romanus
504 1745 539 1806 in
561 1743 667 1806 insula
687 1745 859 1827 adgressus
879 1744 949 1828 ipso
976 1750 1046 1810 stati

125 1845 154 1896 11
165 1828 346 1889 ventussni
360 1826 472 1889 nuntie
490 1834 547 1888 coe·
569 1827 596 1887 it
616 1823 657 1887 ab
678 1826 785 1889 insule
803 1826 926 1908 fugere.
953 1838 1046 1915 tum]

185 1909 261 1970 item
279 1906 535 1992 epnt'Thermop
548 1847 606 1971 ias
622 1907 802 1989 adsecutus,
820 1908 926 1971 locum
942 1921 1046 1976 trecer

57 1996 63 2009 ‘
114 2025 120 2045 ι
162 1930 327 2053 laconum
350 1989 494 2089 speciosa
515 1929 606 2054 obde
627 1991 877 2071 memorandum,
903 2012 943 2054 ne
960 1994 1007 2057 ibi
1032 2021 1046 2061 o

163 2072 282 2137 fiducia
311 2071 375 2138 locr
400 2075 602 2137 resistentem
629 2075 712 2144 mari
737 2083 881 2138 aeterra
904 2075 1020 2141 cedere
1042 2075 1046 2129 ἶ

123 2157 273 2228 12statim
295 2166 326 2221 et
346 2179 364 2222 e
387 2159 471 2221 vesti
495 2159 525 2223 io
547 2158 612 2223 itur
631 2158 666 2222 in
687 2157 825 2244 Syriam.
863 2159 974 2222 classis
995 2185 1046 2247 reg

164 2240 337 2328 lyxcnidae
354 2179 570 2327 mundique
588 2244 757 2308 commissa
773 2281 816 2292 —
834 2263 910 2306 nam
927 2266 987 2308 rex
1004 2268 1044 2330 pr

163 2346 225 2389 nec
247 2334 392 2410 spectare
436 2334 546 2408 uteret,
568 2363 610 2375 —-
630 2327 716 2411 duce,
731 2327 870 2392 Aemilio
895 2327 1024 2411 Regillo
1031 2378 1039 2410 ,

124 2409 209 2482 13mi
253 2407 361 2472 ntibus
383 2347 517 2472 Rlouiis
544 2417 614 2472 tota
637 2409 806 2476 laceratur.
850 2433 891 2474 ne
919 2411 981 2474 sibi
1010 2412 1045 2498 pl

165 2428 321 2570 Athdnae,
344 2493 378 2554 in
398 2491 557 2555 Antiocho
576 2494 713 2556 vicimus
730 2493 875 2576 Xerxen,
898 2496 932 2558 in
947 2495 1046 2559 Aemi]

165 2571 325 2636 cibiadem
346 2595 385 2637 ae
407 2574 568 2655 nevimus,
595 2575 724 2661 Epheso
747 2576 910 2642 Salamina
939 2600 1046 2664 pensa·

124 2669 157 2719 14
166 2663 234 2718 tum
248 2658 378 2721 consule
387 2594 552 2741 tbeipiene,
573 2661 624 2722 cni
640 2659 749 2744 frater,
775 2662 831 2727 ille
846 2663 941 2727 modo
958 2664 1045 2728 victo

164 2737 509 2824 thaginieAfrieanus,
532 2742 643 2807 aderat
664 2743 847 2810 voluntaria
861 2746 1032 2830 legatione,

165 2822 226 2887 lari
242 2844 352 2907 regem
371 2823 487 2911 Placet.
521 2834 553 2889 et
574 2827 638 2889 iam
659 2836 726 2893 toto
749 2838 889 2892 cesserat
907 2830 998 2909 mari,
1017 2846 1046 2892 'si

124 2911 155 2962 15
165 2908 247 2971 imus
268 2907 412 2972 ulterius.
446 2908 656 2974 Maeandrum
677 2911 720 2974 nd
740 2933 867 2974 amnem
889 2921 1046 3000 montcmq

164 2991 275 3076 pylum
286 3001 391 3056 castra
401 3003 572 3078 ponuntur.
598 2993 651 3056 hic
666 3015 727 3057 rex
743 2995 932 3060 incredibile
943 2996 1046 3060 dictu

125 3075 304 3156 ltanxiliis,
327 3075 442 3162 quibus
465 3078 564 3162 copiis
591 3075 790 3141 consederet.
833 3087 975 3144 trecenta
997 3081 1046 3144 mi

166 3157 274 3240 ditum,
301 3181 319 3223 e
340 3162 443 3223 nilum
461 3158 713 3245 falcatorumque
730 3182 880 3226 curruum
897 3185 966 3228 non·
978 3167 1046 3227 min

165 3254 280 3305 ments.
310 3181 546 3331 elephantisad
564 3242 625 3308 hoc
641 3244 804 3309 inmensae
820 3247 1046 3332 magnitudinis

164 3342 304 3407 purpura
320 3336 454 3411 argento
473 3334 505 3391 et
520 3346 577 3391 suo
595 3325 691 3391 ebore
710 3328 917 3413 fulgentibus,
935 3332 1040 3394 aciem

124 3421 155 3471 17
165 3424 226 3488 que
243 3407 429 3474 vallaverat.
453 3409 511 3473 sed
526 3409 605 3472 haec
622 3413 728 3475 omnia
739 3414 925 3498 praepedita
936 3417 1047 3498 magni

165 3508 231 3572 sua,
248 3491 290 3554 ad
306 3491 366 3556 hoc
382 3491 493 3575 imbre,
511 3494 566 3580 qui
584 3493 689 3560 subito
702 3495 888 3580 superfusus
907 3500 987 3562 mira
1004 3499 1046 3564 fel
