2348 3818
213 118 319 168 maun
339 118 565 169 mnonmnrs.
594 102 917 170 XXXVI—xum
1014 107 1055 171 27

250 299 324 365 XL.
367 298 515 365 BELLA
537 297 708 366 CIV1LIA
729 299 861 382 QVOT.

70 450 73 454 ’
147 425 265 491 Civilia
281 425 367 490 bella
388 436 537 513 quattuor
556 435 642 490 mota
664 436 737 491 sunt
757 428 792 491 in
806 428 886 493 urbe
907 430 1078 497 aRoma·l

65 511 124 576 nis.
170 508 275 574 Civile
300 509 422 574 bellum
441 509 761 597 primumSulpicius
791 511 940 577 tribunus
970 517 1056 580 exci-

64 595 159 677 tavit,
182 592 268 680 quod
289 604 469 679 susceptam
511 596 690 659 rovinciam
701 594 952 660 Mithridaticam
965 596 1057 665 Sulla

37 678 97 742 sin
108 677 247 742 Marium
266 677 436 741 transferri
457 616 624 743 noluisset.
657 676 839 765 Secundum
860 677 982 744 bellum
993 682 1081 747 Lea

84 761 157 826 idus
177 769 288 825 oontm
303 759 452 826 Catulum
470 763 492 839 †
511 761 553 826 ob
573 771 693 826 metum
711 761 841 826 Siciliae
862 763 1054 850 expoliatae.

62 783 208 910 l'ertium
233 844 354 909 bellum
380 843 501 909 Caesar
528 854 560 909 et
583 845 766 931 Pompeius.
816 846 901 911 Belli
929 850 1081 947 speciest

60 929 165 1013 magis
186 950 282 1014 quam
301 949 398 992 causa
416 928 479 992 fuit
498 936 634 1013 negatus
656 951 676 992 a
696 938 810 994 senatu
829 929 963 996 Caesam
981 953 1056 997 con

61 1011 200 1093 sulatus‚
223 1020 366 1076 ceterum
383 1012 551 1098 utriusque
573 1012 745 1078 aemulatio
767 1023 798 1078 et
819 1014 978 1100 cupiditas
999 1015 1056 1079 im·

24 1095 147 1182 asperii
165 1115 243 1159 occu
265 1095 351 1159 andi.
386 1094 471 1159 Nam
486 1118 559 1160 cum
574 1097 750 1161 secundum
768 1120 872 1162 mores
889 1097 1056 1247 legemcpne

60 1179 219 1243 maiorum
256 1179 263 1195 '
299 1181 364 1243 isso
383 1181 528 1244 exercitu
546 1180 659 1243 venire
678 1180 713 1244 in
734 1181 848 1245 urbem
861 1180 982 1246 Caesar
1026 1203 1056 1246 e-

59 1262 154 1328 beret
168 1270 200 1326 et
211 1262 326 1327 docere
347 1273 492 1330 senatum
511 1260 664 1327 derebus
683 1285 704 1326 a
724 1285 759 1327 se
773 1264 874 1348 gestis
894 1274 990 1350 atque
1011 1266 1057 1330 ita

60 1344 258 1432 triumphum
276 1349 440 1432 consequi,
465 1344 619 1409 simulans
640 1368 675 1409 se
688 1347 825 1430 gratiam
835 1349 948 1412 timere
961 1348 1055 1413 Pom-

60 1430 116 1515 pei
135 1429 267 1514 negavit
285 1451 320 1494 se
340 1431 512 1494 missurum
533 1429 724 1510 exercitum,
746 1430 811 1493 nisi
831 1430 1055 1495 consularibus

23 1532 52 1576 rs
62 1513 201 1577 comitiis
215 1513 297 1578 ratio
309 1513 452 1578 absentis
473 1514 522 1577 sui
535 1511 645 1577 habita
659 1512 784 1577 fuisset.
812 1512 918 1593 Quam
932 1513 972 1578 ob
987 1536 1056 1579 rem

60 1596 164 1660 hostis
192 1618 212 1659 a
239 1606 352 1661 senatu
379 1596 538 1662 iudicatus
566 1598 677 1661 statuit
704 1597 738 1662 id
764 1596 850 1661 bello
871 1597 1055 1680 vindicare;

60 1701 100 1744 ac
127 1682 174 1744 sic
194 1702 259 1745 non
286 1680 487 1746 consulatum
512 1680 607 1745 modo
634 1703 673 1745 ac
690 1680 902 1783 triumphum,
932 1681 989 1746 sed
1008 1691 1056 1746 to·

59 1772 131 1827 tum
155 1763 267 1850 populi
287 1765 424 1830 Romani
444 1766 614 1852 imperium
640 1766 766 1851 redegit
792 1788 827 1830 1n
854 1787 944 1830 suam
968 1773 1055 1852 pote·

61 1853 187 1911 statem.
232 1846 390 1928 Quartum
415 1849 537 1914 bellum
565 1848 686 1915 Caesar
703 1850 870 1935 Augustus
898 1851 1081 1933 adversust

23 1928 242 2014 mcomplure's
265 1932 378 1997 duces:
399 1943 510 1999 contra
522 1933 712 2018 Pompeium
730 1935 879 1998 iuvenem
897 1933 982 1998 bona
1000 1955 1055 2020 pa·

61 2022 157 2077 terna
174 2024 386 2100 repetentem,
417 2039 493 2080 mox
513 2016 669 2081 adversus
692 2015 841 2081 Cassium
869 2025 901 2080 et
920 2016 1057 2081 Brutum

61 2097 97 2162 in
118 2096 272 2162 ultionem
293 2100 475 2185 interempti
484 2100 610 2246 upatris,
638 2099 790 2185 deinceps
812 2100 967 2165 adversus
988 2099 1056 2164 An-

60 2180 186 2247 tonium
208 2191 239 2246 et
262 2181 465 2269 Cleopatram
519 2191 571 2246 tro
589 2182 711 2247 bellum
728 2184 853 2269 patriae
874 2183 1055 2249 inferentis.

219 2320 310 2386 XLI.
356 2323 467 2397 QVOT
485 2325 647 2384 GENERA
665 2325 825 2387 Ballou
833 2326 899 2386 VM.

28 2459 55 2500 25
148 2431 313 2498 Bellorum
340 2455 460 2519 genera
486 2442 560 2498 sunt
583 2441 742 2519 quattuor.
792 2433 937 2517 Camila,
971 2436 1058 2523 quod

62 2539 137 2583 oum
157 2519 299 2582 externis
344 2519 456 2600 oritur,
482 2527 519 2582 ut
538 2517 675 2582 Romani
696 2540 768 2583 oum
788 2519 929 2603 Latinis,
958 2520 1057 2585 Athe-

61 2602 192 2665 nienses
218 2622 292 2665 cum
340 2603 586 2667 acedacmoniis.
606 2601 673 2640 ***
716 2601 860 2685 Servius,
909 2604 974 2668 uod
994 2604 1057 2668 Ro·

61 2685 150 2748 mani
169 2684 325 2751 adversus
344 2685 379 2749 fn
404 2686 498 2749 ‘tivos
520 2692 690 2769 gesserunt
710 2695 741 2750 et
754 2696 865 2753 eontra
887 2626 985 2751 duces
1005 2706 1057 2751 eo·
1103 2740 1113 2747 .

61 2789 136 2832 rum
156 2766 360 2854 Spartacum,
412 2770 518 2833 rixam
539 2777 571 2832 st
591 2767 800 2834 Oenomaum.
846 2768 966 2850 Civile,
992 2790 1057 2855 quo

28 2852 151 2919 saintet
170 2873 205 2916 se
226 2862 350 2916 certant
371 2854 473 2935 cives,
500 2859 536 2916 ut
555 2851 677 2917 Marius
699 2863 731 2918 et
752 2853 857 2936 Sulla,
884 2852 1006 2918 Cacsar
1026 2860 1058 2917 et
1086 2874 1088 2878 ·

63 2934 254 3022 Pompeius,
274 2936 441 3021 Augustus
463 2943 495 3000 et
515 2935 687 3001 Antonius.

233 3077 342 3142 XLII.
386 3078 509 3144 ORDO
529 3079 663 3145 BELLI
683 3077 885 3142 MARIANI.

148 3187 360 3288 Inexplebilis
372 3188 502 3254 honoris
515 3190 611 3253 Marii
631 3189 790 3288 cupiditas
811 3189 972 3255 decretam
985 3188 1082 3262 Sul-1

64 3271 116 3339 lae
142 3273 310 3336 Ponticam
357 3274 534 3336 rovinciam
560 3272 662 3337 voluit
692 3274 739 3337 eri
762 3294 815 3337 ere
834 3293 892 3357 per
916 3275 1056 3358 rogatio-

29 3374 141 3422 asnem
153 3354 276 3442 Sulpici
296 3294 417 3421 triluni
435 3357 550 3445 plebis.
587 3354 677 3420 Sulla
697 3296 887 3444 indignatus
906 3360 1065 3421 commus
