2356 3818
136 219 157 281 6
425 192 434 207 ’
496 231 775 282 rnournrrrona

109 392 130 453 3
219 383 351 469 Excipit
361 381 554 467 Pompilium
563 381 702 445 Numam
713 381 827 445 Tullus
837 381 1008 467 Hostilius,
1026 386 1082 451 cui
1096 388 1126 450 in

136 470 290 543 honorem
300 466 427 530 virtutis
438 487 573 550 regnum
589 465 673 529 ultro
691 465 808 529 datum.
831 465 890 541 ‚hio
908 489 1040 533 omnem
1049 470 1125 535 mili·

113 562 240 616 starem
258 549 459 635 disciplinam
483 558 646 634 artemque
672 548 817 613 bellandi
834 550 988 615 condidit.
1020 554 1126 640 itaque

137 637 252 699 mirum
274 635 308 697 in
329 633 459 696 modum
482 633 624 696 exercita
644 634 810 696 iuventute
831 654 1009 719 provocare
1033 658 1127 702 ausus

113 718 296 799 3Albanos,
320 737 453 801 gravem
469 724 500 780 et
516 716 572 779 diu
587 716 765 801 principem
782 716 945 814 populum.
979 720 1043 784 sed
1061 742 1149 785 cums

136 803 207 888 pari
216 800 331 865 robore
348 799 568 885 frequentibus
584 798 716 884 proeliis
729 809 858 885 utrrque
877 803 1128 869 comminueren-

136 899 203 966 tur,
221 887 318 948 misso
336 885 449 947 incon
472 882 602 946 endium
618 881 719 963 bello,
738 881 882 948 Horatiis
902 883 1128 975 Curiatiisque,

135 969 315 1053 trigeminis
329 966 406 1030 hinc
422 905 527 1053 adque
549 966 625 1029 inde
642 965 810 1048 fratribus,
834 968 1002 1055 utriusque
1018 970 1129 1058 populi

112 1054 203 1118 tfata
212 1052 370 1137 permissa
381 1058 464 1114 sunt.
487 1070 606 1147 anceps
617 1058 649 1113 et
658 1049 793 1134 pulchra
803 1054 964 1117 contentio
977 1058 1128 1141 exituque

136 1140 205 1222 ipso
217 1133 384 1198 mirabilis.
413 1133 517 1198 tribus
529 1154 645 1219 qurppe
658 1133 747 1197 illinc
758 1134 933 1199 volneratis
939 1183 948 1216 ,
966 1136 1045 1200 hinc
1055 1138 1152 1202 duo-o

135 1220 196 1285 bus
215 1218 343 1299 occisis,
362 1219 418 1304 qui
434 1225 599 1303 supererat
615 1215 768 1280 Horatius
787 1217 896 1283 addito
917 1218 959 1283 ad
977 1221 1130 1305 virtutem

115 1378 119 1385 ¹
137 1303 220 1383 dolo,
236 1311 272 1365 ut
283 1301 476 1364 distraheret
492 1300 625 1381 hostem,
637 1299 764 1364 simulat
781 1301 892 1386 sugam
909 1303 1128 1392 singulosque,

112 1386 345 1534 tettae?
364 1382 870 1553 Ptfttttdttttttttttt
884 1387 1130 1556 statuat

137 1575 214 1618 mox
222 1551 396 1639 parricidio
413 1552 567 1616 foedavit.
595 1549 726 1615 flentem
743 1552 847 1637 spolia
865 1516 950 1617 circii
970 1555 1153 1640 scsponsiu

136 1637 274 1726 quidem,
294 1645 342 1701 set
352 1636 462 1717 hostis,
481 1656 623 1700 sororem
639 1635 776 1700 viderat.
810 1635 895 1700 hunc
910 1646 978 1701 tam
992 1638 1130 1702 inmatu-

135 1743 207 1785 rum
220 1742 361 1784 amorem
371 1721 508 1804 virginis
526 1718 611 1782 ultus
631 1727 679 1781 est
695 1718 792 1784 ferro.
823 1721 963 1785 citavere
975 1721 1069 1805 leges
1079 1742 1130 1786 ne

111 1805 196 1885 osas,
216 1811 264 1868 set
281 1803 413 1868 abstulit
423 1804 524 1866 virtus
559 1801 758 1883 omicidium,
777 1812 809 1867 et
820 1803 945 1868 facinus
964 1805 1054 1868 infra
1065 1805 1130 1891 glo

136 1888 218 1952 riam
229 1888 300 1951 fuit.
323 1909 383 1950 nec
398 1885 454 1950 diu
471 1887 505 1948 in
544 1885 584 1949 de
598 1884 755 1949 Albanus.
789 1909 864 1951 nam
875 1888 1034 1955 Fidenate
1044 1888 1129 1953 bello

127 1972 227 2053 -missi
242 1971 277 2033 in
292 1969 447 2034 auxilium
462 1991 504 2032 ex
520 1967 650 2031 foedere
668 1968 767 2032 mcdii
783 1973 867 2035 inter
884 1971 963 2036 duos
979 1980 1154 2071 expectas

111 2077 212 2136 7vere
226 2054 396 2118 fortunam.
427 2052 485 2116 sed
500 2073 561 2115 rex
575 2050 710 2115 callidus
728 2052 785 2117 ubi
802 2054 959 2119 inclinare
970 2076 1078 2121 socios
1089 2055 1131 2121 ad

135 2139 261 2206 hostem
274 2137 376 2219 videt,
394 2135 478 2202 tollit
488 2137 627 2216 animos,
646 2138 738 2235 quasi
749 2139 951 2204 mandasset:
970 2160 1045 2224 spes
1055 2140 1130 2205 inde

135 2223 263 2304 nostris,
275 2217 377 2286 metus
389 2219 545 2301 hostibus.
587 2221 634 2284 sic
644 2221 733 2283 trans
744 2223 943 2306 proditorum
954 2223 1048 2286 irrita
1058 2224 1130 2288 fuit

112 2308 245 2392 sitaque
263 2306 353 2371 hoste
370 2305 456 2369 victo
472 2311 637 2389 ruptorem
654 2303 794 2369 foederis
812 2306 949 2370 Mettum
964 2305 1131 2373 beetium
1170 2302 1172 2367 l

94 2423 96 2427 ·
134 2390 306 2473 religatum
322 2390 405 2452 inter
427 2388 506 2453 duos
523 2408 635 2451 currus
653 2388 837 2472 pernicibus
861 2411 879 2454 e
901 2392 952 2454 uis
970 2389 1156 2473 diameter

135 2471 316 2557 Albamque
326 2473 429 2556 ipsam
441 2471 586 2556 quamvis
597 2479 777 2556 parentem,
795 2413 953 2537 aemulam
962 2481 1075 2538 tamen
1085 2474 1131 2539 di-

110 2556 217 2637 oruit,·
237 2576 310 2618 cum
330 2555 419 2639 prius
443 2576 552 2618 omnes
575 2576 652 2639 opes
674 2556 764 2619 urbis
787 2557 955 2644 ipsumque
975 2557 1131 2643 populum

135 2639 271 2703 Romam
285 2638 518 2721 transtulisset3
541 2659 673 2723 prorsus
695 2648 730 2703 ut
751 2643 992 2726 consanguinea
1014 2642 1131 2707 civitas

135 2742 201 2787 non
211 2723 343 2807 perisse,
357 2722 458 2786 sedin
470 2745 561 2786 suum
572 2743 686 2808 corpus
698 2724 820 2788 redisse
832 2746 942 2789 rursus
953 2724 1130 2790 sidercum.

109 2820 130 2882 4
221 2807 330 2871 Ancus
343 2807 459 2871 deinde
471 2807 621 2887 Marcius,
638 2828 737 2905 nepos
750 2808 902 2895 Pompilii
914 2830 955 2872 ex
965 2807 1043 2893 filia,
1054 2830 1160 2878 raros

111 2891 279 2975 aingenio.
316 2891 327 2952 i
351 2892 415 2954 itur
427 2899 458 2954 et
473 2911 564 2954 muro
579 2911 714 2962 moema¹
725 2893 891 2977 amplexus
904 2901 967 2972 est,
986 2899 1018 2954 et
1032 2892 1132 2957 inter-

134 2973 286 3038 fluentem
297 2912 371 3038 urbi
382 2973 570 3038 Tiberinum
586 2984 683 3057 ponte
705 2977 878 3056 commisit,
895 2975 1086 3061 Ostiamque
1096 2977 1133 3041 in

135 3058 309 3143 ipsomaris
320 3057 523 3143 fluminisque
534 3057 673 3123 confinio
684 3058 841 3122 coloniam
851 3060 974 3144 posuit,
986 3058 1052 3123 iam
1062 3067 1133 3123 tum

135 3140 285 3205 videlicet
292 3162 407 3227 praesa
430 3144 499 3205 iens
511 3143 617 3205 animo
628 3140 769 3204 futurum
780 3151 815 3205 ut
825 3144 922 3206 totius
932 3141 1045 3217 mundi
1052 3164 1132 3230 opes

137 3231 168 3286 et
180 3234 371 3369 effimeam
389 3165 444 3291 illo
462 3226 551 3290 velut
567 3225 726 3288 maritimo
743 3225 833 3290 urbis
850 3225 989 3313 hospitio
1006 3224 1162 3314 recipe-ss

135 3327 195 3370 ren
248 3353 255 3370 .
1059 3330 1062 3335 ·

110 3405 130 3468 5
222 3389 413 3478 Tarquinius
434 3400 545 3478 postca
562 3389 708 3472 Priscus,
733 3393 878 3478 quamvis
895 3393 1133 3459 transmarinae

138 3473 283 3559 originis,
301 3496 436 3558 regnum
448 3475 532 3540 ultro
548 3482 661 3561 petens
678 3477 801 3562 accepit
813 3477 854 3565 ⁰l?
865 3477 1060 3543 industriam
1075 3477 1132 3543 ad·
