2356 3818
108 194 148 257 96
465 205 571 255 110111
585 192 758 254 serrone!

108 357 204 421 nibus
234 355 300 419 suis
322 354 389 438 legi
411 357 623 440 concupiscit,
652 377 757 438 neque
778 374 876 418 causa
904 376 977 441 neqr

110 439 181 504 silio
203 459 241 501 ac
262 459 302 502 ne
325 438 517 524 imaginaria
539 439 668 525 quidem
691 437 769 500 belli
790 438 970 502 indictione

108 523 169 586 hoc
191 542 317 607 quoque
339 543 381 585 cx
401 531 477 586 arte.
492 522 584 585 ducis
613 529 698 584 esset
719 520 875 605 obrepere
882 568 891 602 ,
919 521 977 584 rel:¹

85 614 206 692 apente
227 603 322 690 Syria
351 606 386 667 in
413 603 550 669 Partho's
580 605 734 703 impetum
762 603 849 667 facit.
873 626 955 687 gens

109 711 271 753 armorum
291 688 443 752 fiduciam
460 686 578 750 callida
601 687 730 750 s1mulat
746 687 977 772 trepidationer

109 793 238 859 campos
263 772 384 855 fugam.
408 779 439 834 et
460 770 634 834 bicstatim
656 771 749 856 quasi
771 773 875 834 victor
899 793 977 856 sequ

108 878 182 920 cum
208 855 313 918 subito
339 875 400 916 nec
425 874 544 936 magna
570 852 710 917 hostium
732 875 845 916 manus
873 856 977 915 011111

109 950 142 1003 et
166 939 231 1001 iam
252 938 286 1001 in
309 937 413 1000 fessos
434 938 489 1000 via
512 936 573 1000 sub
601 958 736 1021 vespere
763 937 853 999 velut
876 931 977 999 nimbi

108 1024 165 1107 pit.
186 1020 293 1084 missis
315 1017 458 1117 undique
483 1021 608 1103 sagittis
627 1019 706 1083 duas
728 1019 758 1083 le
783 1021 873 1083 iones
896 1041 977 1104 oper¹

85 1104 191 1168 anihil
213 1101 375 1166 acciderat
397 1126 431 1166 m
453 1105 724 1193 comparationem
745 1042 861 1184 cladis,
888 1125 971 1188 quae

110 1196 230 1250 aterum
252 1184 338 1249 diem
363 1186 555 1269 inminebat,
584 1187 648 1250 nisi
675 1188 903 1249 intervenisset
929 1187 977 1249 dev

109 1269 237 1333 ceratio.
261 1290 343 1331 unus
369 1292 411 1333 ex
435 1269 527 1335 clade
549 1268 723 1334 Crassiana
744 1269 895 1332 Parthico
918 1269 977 1333 hal

110 1353 185 1415 stris
208 1352 373 1451 adequitat
394 1361 426 1417 01
448 1354 551 1417 salute
571 1353 687 1416 Latine
710 1354 799 1433 data,
824 1376 896 1415 cum
917 1352 977 1417 fide

85 1457 258 1506 5001111010
279 1438 424 1518 lecisset,
451 1437 529 1522 quid
553 1438 724 1501 inmineret
750 1437 891 1501 edocuit:
926 1438 977 1498 ian

108 1530 227 1583 turum
243 1542 315 1582 cum
342 1519 489 1584 omnibus
518 1522 618 1606 copiis
648 1543 774 1605 regem;
801 1521 885 1582 irent
905 1531 977 1583 retr

108 1613 243 1690 rentque
260 1605 394 1668 montis:
415 1605 461 1666 sic
476 1612 602 1689 quoque
614 1603 739 1667 hostem
750 1604 887 1666 fortasse
901 1626 966 1666 11011

109 1697 205 1772 atque
226 1688 272 1749 ita
299 1695 409 1750 secuta
431 1695 479 1748 001
505 1688 609 1749 minor
625 1689 675 1750 vis
697 1685 838 1750 hostium
856 1709 952 1771 quam
970 1689 977 1750 i

83 1769 180 1851 ssbat3
202 1769 307 1833 adfuit
326 1779 444 1832 tamen.
466 1767 590 1831 deletae
607 1769 751 1856 reliquae
770 1771 881 1852 copiae
899 1771 977 1833 fore]

108 1850 320 1933 urguentibus
348 1850 420 1913 telis
447 1850 481 1911 in
506 1850 638 1913 modum
667 1850 835 1934 grandinis
863 1852 977 1934 quidar

109 1933 201 2017 quasi
223 1931 310 1994 docti
330 1930 578 2016 procubuissent
597 1934 632 1995 in
659 1954 765 2016 genua
791 1934 923 2012 milites,
954 1956 977 1997 01

110 2036 206 2102 supra
231 2015 338 2100 capita
365 2015 464 2078 scutis
492 2035 660 2081 caesorum
693 2017 832 2101 speciem
864 2017 977 2099 praebr

85 2107 185 2166 7tunc
205 2097 343 2170 Parthus
364 2119 458 2162 arcus
481 2097 631 2163 inhibuit.
656 2099 732 2163 dein
753 2121 864 2162 rursus
886 2120 959 2161 cum

108 2183 195 2246 mani
217 2181 423 2264 extulissent,
444 2184 525 2247 adeo
546 2205 598 2247 res
613 2184 771 2247 'miraculo
793 2183 869 2264 fuit,
892 2192 977 2246 utno

110 2288 152 2330 ex
161 2265 309 2331 barbaris
324 2267 448 2331 miserit
463 2289 577 2331 vocem
595 2269 651 2331 ‘ite
672 2276 704 2332 et
719 2266 802 2331 bene
822 2267 928 2330 valete
947 2268 975 2329 R

108 2349 221 2415 merito
242 2371 301 2413 vos
325 2353 464 2415 victores
487 2350 573 2414 fama
594 2352 739 2436 gentium
759 2346 914 2435 loquitur,
944 2373 977 2434 qi

108 2432 236 2509 thorum
256 2432 322 2497 tela
343 2433 498 2516 fugistis!
520 2456 585 2499 non
606 2434 711 2497 minor
732 2456 774 2496 ex
795 2434 849 2496 via
869 2442 977 2517 postea

83 2512 153 2577 aab
174 2513 319 2577 hostibus
342 2524 473 2599 accepta
494 2515 612 2581 clades.
635 2516 753 2578 infesta
768 2517 906 2599 primum
923 2517 977 2579 siti

108 2594 380 2681 tum'quibusdam
401 2598 594 2663 salmacidae
613 2599 812 2680 infestiores,
828 2601 977 2663 novissim

83 2679 173 2741 aiam
193 2677 234 2741 ab
256 2679 409 2744 invalidis
433 2691 465 2744 et
492 2681 588 2746 avide
609 2681 840 2745 hauriebantur
868 2705 973 2747 noxae

108 2760 218 2827 dulces
240 2761 341 2826 fuere.
364 2785 441 2829 mox
462 2774 494 2829 et
515 2765 645 2830 ardores
664 2787 723 2850 per
743 2767 931 2829 Armeniam
953 2776 977 2828 et

107 2866 166 2931 per
195 2843 264 2930 Cap
288 2844 433 2910 adociam
462 2857 494 2912 et
520 2850 687 2934 utriusque
719 2849 802 2912 caeli
833 2849 940 2912 subita
967 2873 977 2911 1

64 2946 171 3074 lopro·
189 2867 374 3076 pgptdentilap
393 2929 465 2993 fuit.
502 2935 549 2994 010
576 2932 636 2994 vix
662 2933 758 2995 tertia
784 2943 876 3031 parte
899 2931 938 2994 de
950 2954 975 3030 ’s

107 3022 757 3178 bggpocongpdgpetppa,epuppbppgpnitptnerr
773 3035 977 3162 lhbhadhhsdl

107 3175 284 3258 gladiatore
306 3201 363 3243 suo
383 3179 561 3264 flagitasset
584 3184 734 3265 egregius
761 3183 946 3265 imperator,
969 3192 977 3244 t

107 3259 252 3343 perfugit
278 3263 313 3325 in
340 3261 482 3348 Syriam,
511 3263 568 3327 ubi
593 3263 778 3328 incredibili
812 3264 950 3349 quadam

106 3343 279 3439 vaecordia
297 3344 436 3412 ferocior
455 3346 619 3435 aliquanto
633 3348 747 3413 laetus
767 3356 829 3429 est,
853 3349 946 3432 quasi
957 3373 977 3413 v

108 3444 183 3508 qura
197 3438 353 3493 evaserat.
