2356 3818
212 292 215 300 ,
264 243 368 291 arnan
381 243 605 292 unuonmurs
628 227 725 294 XIII.
738 226 852 292 XIIII.
867 229 941 294 XV.
1052 233 1088 294 13

91 394 257 462 confectus
285 401 343 456 est.
393 392 563 478 Lysander
589 393 670 475 dux,
699 395 755 480 qui
769 394 1001 459 -dominantem
1021 405 1115 471 totos

91 479 175 544 mari
201 476 338 541 classem
356 477 499 541 Atticam
525 486 601 561 aput
621 477 730 561 Aegos
758 486 903 562 potamos
931 482 1091 564 oppressit

93 573 125 627 et
161 561 257 627 vietis
287 558 539 624 Atheniensibus
576 561 710 644 triginta
742 569 899 646 tyrannos
917 623 919 626 Α
937 563 1088 648 inposuit.

92 643 219 711 Xanthi
241 665 317 729 pus,
348 645 399 707 vir
424 642 753 708 Lacedaemoniorum
790 645 1001 728 fortissimus,
1055 649 1115 717 uio

69 728 179 794 sbello
233 728 332 792 unico
354 728 457 812 primo
481 725 768 810 Carthagien‘sibus
797 729 865 793 dux
890 731 1007 793 missus
1028 670 1089 794 Ae-

92 810 206 896 grulum
224 812 318 894 cepit.
361 809 551 894 Agesilaus,
571 812 662 874 cuius
681 812 848 875 inventum
867 821 916 876 est
931 813 966 875 in
980 813 1089 878 hostili
1100 835 1132 885 10

93 913 193 981 quam·
210 894 244 957 in
267 916 325 958 sua
346 902 434 957 terra
452 914 597 978 pugnare
616 893 753 981 ideoque
774 897 808 958 in
828 897 940 958 Asiam
960 898 1089 978 missus,

91 986 221 1043 vastata
242 987 302 1059 ea,¹
317 999 390 1040 cum
410 978 475 1041 iam
496 978 567 1060 regi
586 978 782 1061 immineret,
805 990 973 1043 revocatus
990 979 1089 1044 Athe·

92 1063 222 1127 nienses
240 1070 317 1146 aput
337 1060 516 1126 Coroneam
538 1061 626 1124 vicit.
670 1062 788 1126 Postea
809 1071 885 1148 aput
908 1061 1091 1127 Corinthios

58 1144 199 1226 roflevit,
227 1145 313 1231 quod
333 1145 446 1209 decem
466 1143 561 1208 milia
575 1134 773 1209 Graecorum
794 1147 901 1210 occisa
922 1147 1090 1231 cognovis-

93 1237 157 1309 set,
179 1249 240 1292 nec
260 1228 364 1293 voluit
386 1226 577 1292 Corinthum
597 1227 704 1293 delere
723 1251 795 1293 cum
814 1238 933 1316 posset.

196 1343 273 1409 xv.
314 1342 568 1410 cusarssnu
588 1343 736 1410 uncas
757 1344 817 1408 nr
839 1344 986 1411 nvcns
1067 1307 1072 1321 ’

134 1484 148 1529 ,
408 1441 763 1513 nrunnmnsrvn.
1036 1448 1039 1454 ·

178 1538 319 1640 Cecrops
347 1575 422 1637 rex,
466 1557 500 1619 ui
520 1555 635 1620 urbem
655 1555 798 1619 condidit
818 1554 963 1620 Athenas
991 1566 1023 1620 et
1048 1576 1114 1623 exr

56 1673 82 1713 u
94 1662 153 1707 suo
169 1640 297 1705 nomine
310 1578 505 1737 Cecropidas
522 1638 698 1724 appellavit
714 1639 817 1703 cives:
835 1640 921 1703 idem
933 1639 1088 1720 fabulose,

94 1725 172 1811 quia
191 1724 346 1806 indigena
374 1722 450 1803 furt,
472 1719 513 1785 ab
535 1722 723 1806 inguinibus
744 1744 876 1807 serpens
897 1722 997 1787 fuisse
1017 1744 1089 1786 nar-

92 1817 193 1874 ratur.
235 1805 464 1870 Erichthonius
485 1827 557 1889 rex,
585 1807 641 1892 qui
665 1808 820 1891 mysteria
839 1805 994 1870 Eleusine
1015 1823 1114 1871 con-r

93 1892 197 1959 stituit
219 1888 317 1955 Celeo
343 1889 364 1966 †
387 1887 529 1974 hospite,
560 1888 719 1976 Eumolpo
746 1891 913 1954 sacerdote
920 1938 928 1972 ,
960 1885 1088 1956 filiabus

92 1972 274 2057 virginibus
291 1973 460 2053 ministris,
481 1972 676 2072 Triptolemo
693 1972 822 2056 frugum
837 1974 1015 2060 praefecto,
1034 1975 1089 2061 qui

54 2059 181 2127 sofame
209 2056 410 2120 laborantem
436 2056 607 2121 Graeciam
634 2057 820 2121 circumlato
853 2058 1012 2123 frumento
1039 2080 1089 2120 re·

94 2141 209 2206 stituit.
251 2140 400 2205 Pandion
418 2161 493 2220 rex,
535 2141 570 2203 ui
590 2139 674 2203 filias
696 2161 770 2203 suas
792 2140 940 2205 Procnen
962 2150 993 2205 ct
1013 2141 1114 2208 Phi-3

93 2223 243 2290 lomelam
266 2222 423 2287 Thraciae
451 2162 584 2306 regibus
608 2222 758 2303 tradidit,
786 2231 822 2286 ut
848 2222 1003 2287 barbaras
1026 2222 1088 2287 sibi

117 2315 208 2371 entes
229 2305 394 2371 adfinitate
417 2308 563 2371 sociaret.
607 2305 766 2387 Theseus,
786 2306 891 2404 Aegei
910 2306 1010 2389 filius,
1033 2308 1113 2392 quis

133 2391 313 2456 inotaurum
327 2390 499 2454 interfecit.
544 2388 801 2475 Demophontes,
825 2411 894 2453 e1us
914 2389 1014 2473 filius,
1035 2390 1115 2476 quia

55 2495 170 2540 secum
187 2473 321 2539 Graecis
342 2472 439 2538 Ilium
457 2474 666 2559 expugnavit.
712 2471 838 2538 Codrus
858 2495 932 2554 rex,
955 2477 1011 2560 qui
1052 2490 1116 2542 ros

95 2556 199 2621 saluts
227 2567 259 2622 et
279 2558 416 2622 victoria
435 2559 558 2643 patriae
586 2556 762 2621 secundum
783 2556 948 2622 oraculum
966 2558 1039 2643 Apo
1065 2558 1088 2620 i-

94 2642 147 2704 nis
179 2640 266 2705 bello
293 2640 529 2727 Peloponnesio
558 2663 593 2704 se
620 2641 763 2705 devovit.
807 2640 1011 2722 Pisistratus,
1039 2641 1114 2705 virt

94 2724 189 2788 fortis
206 2733 238 2788 et
251 2726 394 2811 sapiens,
412 2727 467 2824 qui
478 2724 635 2789 adversus
651 2724 814 2823 principes
829 2724 976 2871 pfflari
994 2743 1091 2787 causa

94 2818 107 2871 t
149 2807 301 2872 anaidem
330 2809 451 2873 invasrt
478 2829 611 2896 eamque
644 2808 820 2871 iustissime
917 2807 1089 2869 inistravit.

57 2829 293 2956 sollbrmodius
321 2900 352 2954 et
373 2891 483 2955 Aristo
507 2892 590 2971 iton,
617 2890 763 2954 homines
784 2890 907 2977 plebei,
937 2891 992 2974 qui
1011 2889 1117 2974 Hip-8

95 2976 183 3074 piam
203 2984 235 3039 et
252 2974 473 3060 Hipparchum
483 2913 648 3037 Pisistrati
668 2973 753 3038 filios
775 2995 871 3037 saeve
890 2974 1091 3039 dominantes

95 3063 184 3122 tacta
204 3059 423 3123 coniuratione
444 3066 688 3143 oppresserunt,
708 3057 844 3141 ideoque
864 3066 900 3121 ut
922 3076 1092 3121 conserva·

95 3140 221 3206 toribus
250 3142 353 3206 divini
373 3141 510 3206 honores
541 3142 586 3204 eis
611 3149 685 3204 sunt
707 3140 882 3203 constituti·
926 3139 1118 3204 Miltiadest

96 3225 179 3306 dux,
200 3226 256 3311 qui
266 3227 429 3310 octoginta
448 3224 538 3289 milia
550 3223 687 3287 militum
698 3222 871 3287 Persarum
880 3223 976 3301 Darii
994 3224 1090 3307 regis,

59 3308 271 3395 aspraefectis
299 3308 384 3373 Date
412 3317 443 3372 et
470 3307 684 3393 Tisapherne,
716 3306 751 3369 in
778 3304 863 3369 saltu
889 3306 1097 3392 Maratbsnis

97 3393 271 3476 superavit.
313 3392 477 3457 Aristides
490 3390 651 3476 Dicaeos,
672 3391 731 3479 qur
742 3389 814 3454 hoc
833 3405 1009 3469 momen
1017 3389 1169 3439 merx-m

89 3473 152 3535 bus
168 3472 247 3560 [est]
265 3486 465 3544 consecutus
487 3477 535 3545 ob
553 3478 595 3547 id
623 3480 744 3568 ipsum
765 3471 872 3543 effic
891 3463 1068 3529 mmm
1085 3453 1157 3507 *a*
