2356 3818
119 200 161 266 30
479 180 585 273 'tucn
601 211 746 261 mnan

118 368 226 452 fregit.
275 365 466 448 Marcellus,
495 365 551 452 qui
575 365 696 451 primus
717 363 874 430 Annibali
898 371 979 453 aput
999 364 1113 431 Nolam

117 452 295 521 restititet
319 449 505 514 inclinatam
537 450 605 514 eius
636 449 738 512 aciem
786 450 891 513 enitns
916 450 1112 514 trucidavit:

119 533 275 600 Claudius
295 534 398 615 Nero,
423 533 479 620 qui
500 533 684 597 venientem
703 530 744 595 ab
802 533 927 618 'spania
946 532 1113 597 Asdruba

116 618 180 682 lem
196 639 268 682 cum
282 617 468 704 ingentibus
485 617 586 702 copiis
588 615 804 701 ,priusquam
819 637 854 679 se
873 614 1032 681 Annibali
1049 616 1113 680 iun·

92 710 224 787 igeret,
253 703 382 788 excepit
403 709 435 765 et
455 701 581 784 ingenti
604 697 726 797 proelio
747 700 836 762 vicit.
882 699 1032 763 Tertium
1056 699 1131 763 Pus

115 786 224 850 nicum
245 785 366 855 bellum
385 785 515 848 maioris
533 781 657 867 gloriae
701 803 805 846 namo
848 783 892 846 ris
914 782 989 847 fuit.
1033 782 1114 846 Nam
1175 831 1176 836 η

115 869 249 933 Manilio
260 868 392 934 consulo
408 865 593 932 inchoatum
609 866 682 930 exei
707 866 772 929 ‘um
783 863 903 930 tartha
928 867 992 929 'nis
1005 865 1114 966 Scipio

114 953 316 1018 Aemilianus
343 951 591 1032 consummavit,
623 956 655 1012 et
681 970 746 1012 una
771 947 859 1048 [cum
885 888 1043 1038 'lgilgrand
1070 971 1113 1013 m·

116 1058 213 1101 censa
242 1035 438 1120 Carthagine
462 1035 560 1099 totius
589 1031 722 1097 Africae
747 1054 834 1096 vires
860 1033 895 1096 in
923 1043 1114 1119 perpetuum

115 1122 286 1207 repressit,
319 1118 405 1206 quod
436 1127 548 1183 contra
572 1115 713 1180 foederis
741 1117 923 1201 pactionem
945 1115 1112 1217 Carthagi·
1120 1142 1137 1185 11

115 1205 243 1268 nienses
283 1209 523 1288 comparassent
554 1200 673 1265 classes
707 1207 739 1264 et
771 1221 862 1263 arma
889 1199 1040 1275 finitimis·
1071 1222 1114 1265 rn-

115 1287 275 1351 tulissent.
495 1295 497 1299 ’

55 1416 59 1424 ·
116 1412 255 1479 xuvn.
278 1411 425 1493 vsovu
444 1411 670 1477 nnunivu
690 1410 879 1476 ruamur
893 1409 974 1493 QVI
990 1409 1114 1478 tucn

288 1508 1005 1592 wmmwfflffi‘

90 1648 104 1698 1
181 1628 327 1714 Populus
342 1628 506 1693 Romanus
520 1650 579 1713 per
591 1629 811 1693 Flamininum
828 1627 994 1694 consulem
1009 1628 1140 1694 Maces

115 1713 216 1777 donas
237 1713 332 1794 vicit,
352 1735 411 1797 per
431 1712 569 1776 Paulum
583 1713 749 1776 consulem
769 1712 815 1752 ²⁸*
837 1712 897 1776 sub
916 1733 995 1810 rege
1014 1711 1115 1777 Perse

89 1796 325 1878 trebellantcs3
352 1817 410 1880 per
432 1793 597 1879 Scipiones
619 1796 792 1860 Africanos
811 1796 1114 1880 Uarthagmienses,

113 1901 171 1964 per
183 1878 367 1976 Scipionem
374 1883 534 1941 Asiaticum
546 1879 581 1941 in
589 1879 684 1964 Syria
694 1881 773 1944 vicit
784 1901 895 1965 regem
901 1879 1114 1964 Antiochum

113 1983 172 2047 per
191 1961 375 2047 Scipionem
393 1960 612 2025 Aemilianum
635 1962 815 2027 Celtiberos
838 1973 869 2027 et
888 1962 1114 2047 Numantiam,

87 2058 172 2131 oper
202 2044 340 2109 eundem
367 2042 549 2130 Scipionem
576 2044 777 2110 Lusitaniam
809 2055 841 2110 et
867 2047 982 2111 ducem
1007 2047 1156 2111 Vinia-n·

112 2139 196 2212 tum3
258 2151 293 2192 er
319 2127 491 2197 Decimum
518 2129 655 2194 Brutum
684 2129 895 2213 Callaeciam3
926 2151 987 2216 per
1010 2130 1114 2196 Mum-

111 2215 212 2277 mium
226 2151 404 2277 Achaicum
427 2211 492 2301 [et]
517 2212 708 2279 Corinthum
732 2223 764 2279 et
773 2213 939 2296 Achaeos,
960 2234 1021 2299 per
1038 2213 1114 2280 Ful-

89 2299 203 2361 4vium
224 2296 425 2363 Nobiliorem
444 2297 577 2363 Aetolos
595 2307 628 2362 et
647 2299 870 2381 Ambraciam3
894 2319 953 2383 per
973 2297 1115 2362 Marium

112 2372 269 2445 Numidas
291 2389 323 2445 et
339 2380 545 2465 Iugurtham
591 2404 625 2446 er
648 2383 787 2447 eundem
802 2382 941 2446 Marium
963 2380 1113 2456 Gimbros

89 2473 147 2549 cet
165 2463 344 2546 Teutones,
364 2486 422 2552 per
440 2463 562 2529 Sullam
606 2469 729 2531 onticos
747 2475 778 2531 et
797 2464 1032 2530 Mithridatem:
1055 2482 1140 2551 pera

112 2545 284 2610 Lucullum
301 2547 362 2629 *³¹⁶3
379 2569 439 2626 per
463 2554 632 2628 Ponrpeium
657 2551 734 2614 item
758 2549 889 2613 eosdem
905 2548 1061 2613 Ponticos
1083 2557 1113 2613 et

112 2628 347 2710 Mithridatem,
362 2630 439 2693 item
453 2629 572 2695 Cilicas
588 2633 709 2717 piratas
719 2641 750 2696 et
762 2633 933 2696 Armenios
946 2653 1019 2696 cum
1035 2653 1113 2717 rege
1169 2670 1176 2685 .-

112 2714 257 2798 Tigrane
282 2720 315 2786 ¹et
332 2712 490 2811 plurimas
514 2716 651 2779 Asiacas
679 2725 811 2800 gentes;
849 2716 909 2780 sub
938 2714 1000 2780 hoc
1026 2718 1113 2780 enim
1141 2782 1145 2791 ,
1174 2728 1176 2735 “

114 2799 195 2864 duce
210 2797 253 2861 ad
266 2795 415 2860 Indicum
431 2795 595 2862 Oceanum
616 2807 648 2862 et
672 2799 805 2863 rubrum
823 2821 1027 2885 marcusque
1042 2821 1112 2886 per·

89 2883 219 2948 evenit:
250 2903 309 2968 per
337 2880 455 2945 Gaium
483 2880 655 2947 Caesarem
684 2882 824 2966 Galhas,
858 2884 1052 2948 Germanias
1080 2891 1139 2948 et³⁰

113 2967 344 3033 Brittanniam:
367 2962 426 3028 sub
443 2964 505 3029 hoc
523 2966 604 3031 duce
620 2989 686 3032 non
699 2975 824 3032 tantum
840 2966 922 3031 vidit
937 2966 995 3030 sed
1014 2968 1112 3031 etiam

91 3051 285 3198 laevigavit
302 3048 483 3114 Oceanum:
504 3071 563 3149 per
585 3049 759 3115 Caesarem
773 3053 827 3116 Au
873 3059 957 3114 stum
977 3048 1111 3115 Dalma-

114 3144 179 3218 tas,
226 3135 398 3215 annonios,
420 3133 461 3203 Ill
502 3155 586 3216 1cos,
601 3133 796 3221 Aegyptios,
845 3154 1007 3215 ermanos,
1027 3133 1111 3199 Oan-

114 3219 224 3283 tabros
240 3226 405 3318 totumque
423 3156 533 3280 orhdm
546 3221 733 3303 perpacavit
752 3219 895 3306 exceptis
905 3216 1013 3299 Indis,
1030 3216 1110 3282 Par·

114 3300 178 3364 this
187 3349 196 3382 ,
218 3301 389 3384 Sarmatis,
410 3298 553 3386 Scythis,
569 3301 686 3384 Dacis,
708 3302 795 3388 quod
811 3324 865 3368 eos
884 3302 1015 3366 fortuna
1028 3300 1139 3368 'l'rau

115 3384 182 3448 iani
205 3385 361 3471 principis
381 3384 551 3473 triumphis
569 3388 760 3451 reservavit.
