2356 3818
140 218 180 280 64
378 224 381 230 '
536 227 816 278 nnomarmoua

71 443 74 450 .
139 402 204 446 non
217 382 252 442 in
265 399 367 460 usum,
387 379 433 441 ita
446 379 488 442 ad
501 380 627 465 imperii
641 380 780 464 speciem
796 399 915 460 magna
932 379 1071 442 nomina
1087 380 1134 444 ad·

114 465 276 551 aquisisse
291 461 460 548 pulchrum
475 484 513 527 ac
525 462 690 526 decorum:
706 461 752 524 ita
764 461 876 552 eodem
887 469 952 525 tem
977 483 1036 526 ore
1049 463 1135 526 dimi·

138 569 229 611 casse
244 547 330 611 domi
347 567 419 610 cum
437 545 572 627 civibus,
587 545 692 628 sociis,
707 545 885 629 mancipiis,
900 545 956 628 gla
982 545 1135 610 'atoribus

114 640 271 730 steteque
299 632 383 696 inter
410 651 445 693 se
467 637 579 693 senatu
606 637 699 713 turpe
714 637 815 712 'atque
835 628 1071 693 miserandum.
1088 652 1136 713 ¹ac

139 736 247 780 nesc10
263 736 304 777 an
319 715 419 778 satius
436 712 533 776 fuerit
546 713 665 798 populo
680 712 825 776 Romane
841 710 952 775 Sicilia
975 722 1009 779 et
1025 713 1147 778 Africat

138 807 286 864 contento
310 798 419 877 fuisse,
441 803 497 871 aut
516 794 566 858 his
589 797 717 860 etiami
740 796 784 858 sis
805 816 938 879 parcere
957 795 1136 861 dominanti

136 885 171 946 in
193 882 288 947 Italia
310 902 377 961 sua,
397 899 493 964 quam
513 899 551 942 eo
572 818 802 963 magnitudinis
825 896 981 960 crescere,
1005 889 1044 944 ut
1066 882 1135 944 viri-

113 969 198 1038 7bus
220 967 286 1029 suis
307 962 525 1028 conficeretur.
553 984 635 1049 quae
655 963 740 1028 enim
760 983 811 1025 res
834 961 898 1025 alia
918 962 1034 1026 civiles
1056 965 1135 1028 furo·

136 1072 187 1115 res
208 1048 334 1135 peperit
359 1067 455 1131 quam
471 1047 590 1111 nimiae
619 1044 814 1110 felicitates?
841 1043 936 1130 Syria
977 1048 1066 1111 rima
1082 1069 1134 1112 nos

135 1135 222 1197 vieta
236 1130 384 1215 corrupit,
398 1150 476 1195 mox
489 1132 634 1194 Asiatica
651 1130 843 1214 Pergameni
858 1129 944 1213 regis
952 1068 1132 1196 bereditas.
1140 1148 1150 1183 t

112 1216 213 1279 sillae
233 1234 309 1298 opes
331 1222 426 1299 atque
443 1213 576 1278 divitiae
598 1213 753 1279 adflixere
774 1212 895 1277 saeculi
917 1235 1035 1295 mores,
1059 1238 1134 1281 mer·

137 1318 269 1383 samque
289 1297 376 1361 vitiis
392 1297 459 1359 suis
480 1298 573 1383 quasi
594 1297 719 1360 sentina
740 1319 808 1360 rem
828 1295 992 1381 publicam
1007 1320 1134 1384 pessum

137 1381 264 1446 dedere.
294 1381 379 1446 unde
402 1381 487 1444 enim
506 1382 643 1481 populus
660 1381 824 1446 Romanus
843 1402 863 1444 a
883 1380 1024 1445 tribunis
1042 1404 1133 1469 agros

137 1475 169 1530 et
180 1465 302 1530 cibaria
315 1464 477 1550 flagitaret
492 1468 555 1554 nisi
570 1489 628 1551 per
639 1465 757 1530 famem
769 1487 863 1551 quam
880 1464 976 1527 luxus
989 1465 1132 1532 fecerat?

136 1551 212 1614 hinc
234 1571 310 1636 erge
333 1549 542 1614 Gracchanae
568 1551 673 1636 prima
695 1559 727 1614 et
746 1550 888 1613 secunda
909 1557 940 1611 et
960 1548 1020 1612 illa
1042 1551 1149 1616 tertius

110 1633 317 1720 9Apuleiana
332 1635 458 1711 seditio.
483 1634 570 1701 unde
588 1634 765 1698 iudiciariis
782 1632 908 1716 legibus
927 1632 1081 1698 divulsus
1099 1634 1132 1698 ab

136 1727 250 1782 senatu
265 1739 361 1802 eques
376 1719 440 1779 nisi
458 1739 500 1781 ex
516 1718 661 1797 avaritia,
684 1727 720 1779 ut
733 1716 907 1799 vectigalia
921 1716 969 1778 rei
985 1716 1132 1802 publicae
1173 1787 1174 1792 ,

136 1809 231 1884 atque
247 1800 319 1896 ipsa
335 1800 455 1863 iudicia
475 1800 517 1861 in.
528 1807 663 1883 quaestu
677 1799 894 1863 haberentur?
916 1799 992 1863 hinc
1007 1800 1131 1867 Drusus
1173 1816 1174 1821 ’

96 1949 98 1953 ,
137 1891 169 1945 et
209 1902 345 1944 romlssa
362 1882 487 1944 civitas
508 1879 602 1944 Latio
628 1889 661 1944 et
683 1903 743 1966 per
764 1882 826 1945 hoc
853 1902 942 1944 arma
964 1885 1130 1963 sociorum
1171 1898 1174 1960 l

93 1976 126 2026 10
158 1904 215 2027 uild
235 1963 364 2025 autern?
390 1961 478 2026 bella
499 1963 631 2028 servilia
657 1963 744 2028 unde
764 1963 857 2028 nobis
879 1964 943 2025 nisi
970 1986 1014 2028 ex
1035 1969 1148 2035 abun-s
1171 1982 1174 2044 Ι

137 1986 246 2111 dantia
256 2045 474 2110 familiarum?
495 2047 581 2111 unde
596 2047 780 2131 gladiatorii
797 2047 969 2111 adversum
987 2049 1130 2118 domines
1170 2065 1174 2126 t

137 2152 211 2195 suos
231 2130 399 2213 exercitus,
417 2131 482 2195 nisi
496 2132 539 2195 ad
554 2130 791 2196 conciliandum
808 2131 912 2217 plebis
931 2131 1086 2200 favorem
1096 2135 1130 2201 ef-
1171 2150 1174 2208 l

136 2216 210 2280 fusa
221 2215 360 2299 largitio,
377 2216 478 2280 dums
503 2217 653 2281 ectaculis
670 2216 835 2302 indulget,
855 2215 1014 2315 supplicia
1037 2241 1130 2305 quon·
1170 2232 1174 2287 t

97 2319 125 2367 11
138 2301 212 2365 dam
224 2300 469 2365 hostiumartem
479 2239 630 2365 1iaceret?
650 2301 716 2366 iam
725 2311 761 2365 ut
772 2301 966 2386 speciosiora
975 2301 1061 2366 vitia
1072 2312 1130 2368 tan-
1170 2315 1174 2375 ’.

136 2405 258 2467 gamus,
279 2404 386 2448 nonne
401 2385 538 2448 ambitus
555 2385 712 2449 honorum
733 2385 774 2449 ab
790 2385 894 2452 isdem
915 2383 1038 2448 divitiis
1063 2393 1147 2453 con-²⁵
1170 2399 1174 2457 l

95 2466 276 2528 laetatus?
301 2469 412 2552 atquin
430 2468 506 2531 inde
526 2468 682 2548 Mariana,
704 2469 780 2532 inde
802 2467 934 2531 Sullana
950 2476 1129 2554 tempestas.
1170 2483 1174 2545 l

128 2556 191 2621 ‚aut
202 2549 390 2631 magnificus
405 2572 446 2634 ap
470 2559 577 2613 aratus
593 2553 816 2615 conviviorum
831 2559 862 2614 et
876 2559 1066 2636 sumptuosa
1077 2556 1130 2619 lar
1169 2565 1174 2628 l

96 2632 217 2714 agitio
239 2651 304 2693 non
325 2632 366 2695 ab
389 2572 551 2717 cpuientia
571 2634 715 2718 paritura
733 2656 810 2697 mox
829 2637 1027 2717 egestatem?
1057 2639 1130 2703 haec
1170 2650 1174 2712 l

138 2713 310 2782 Catilinam
350 2718 451 2780 atriae
468 2738 545 2780 suae
565 2718 699 2801 inpegit.
726 2718 864 2817 denique
883 2718 940 2781 illa
961 2708 1033 2818 ipsa
1049 2723 1129 2807 prin·
1170 2733 1174 2796 l

135 2801 259 2886 cipatus
277 2806 309 2862 et
325 2738 511 2864 dominandi
525 2801 642 2886 cupido
659 2801 746 2865 unde
757 2803 821 2864 nisi
839 2824 881 2867 ex
890 2803 998 2865 nimiis
1017 2825 1036 2869 o
1061 2806 1147 2870 ibas
1169 2816 1174 2877 t

136 2882 249 2948 venit?
278 2884 389 2970 atquin
415 2884 494 2948 haec
518 2885 690 2949 Caesarem
711 2895 806 2972 atque
826 2885 1016 2971 Pompeium
1036 2827 1128 2954 iuria-
1169 2899 1174 2960 j

95 2981 127 3030 14
137 2968 220 3032 libus
238 2969 273 3032 in
290 2969 424 3032 exitium
442 2968 490 3032 rei
508 2969 657 3054 publicae
678 2969 804 3034 facibus
825 2971 972 3033 armavit.
999 2970 1059 3037 hos
1077 2973 1128 3057 igi:
1169 2983 1174 3043 t

136 3058 188 3115 tur
206 3054 310 3118 omnis
330 3053 521 3118 domesticos
540 3062 644 3116 motus
672 3050 835 3139 separatos
858 3053 900 3118 ab
926 3058 1070 3122 externis
1088 3058 1128 3121 iu·
1168 3066 1174 3126 i

138 3135 258 3220 stisque
279 3137 375 3204 bellis
396 3159 440 3202 ex
461 3137 573 3205 ordine
594 3158 831 3224 persequemur.
941 3190 946 3201 .
1168 3150 1174 3159 ’

494 3403 776 3414 m
