2356 3818
135 119 176 182 98
194 114 201 132 “
486 114 591 181 raom
608 128 771 179 serrone.

111 294 229 351 souma
250 283 426 365 Antonius,
454 282 512 347 ses
537 283 658 346 mere
684 280 833 365 vestigiis
861 277 996 345 caesar.
1023 280 1121 369 sequ
1151 254 1178 308 l*

136 389 196 431 neo
216 375 407 452 praeparata
427 365 652 455 inAOoeanum
677 364 713 427 fu
737 386 756 426 a
782 384 843 427 neo
863 365 990 427 munita
1011 364 1121 450 praesi·
1152 351 1172 390 l*

137 452 199 515 diis
221 460 355 536 utraque
375 449 518 535 Aegypti
540 467 675 530 cornua,
702 386 930 510 lderaetonium
950 458 1054 546 atque
1074 447 1121 511 Pe
1154 434 1178 476 l'

136 534 268 615 lusium,
288 534 458 619 profuere:
478 553 579 629 prope
598 552 695 594 manu
716 529 920 594 tenebantur.
947 552 1042 616 prior
1071 528 1122 594 len
1155 518 1165 558 l

136 640 207 682 rum
234 618 402 703 occupavit
427 616 601 696 Antomus,
634 615 749 698 regina
782 615 825 678 ad
850 613 949 699 pedes
982 612 1135 678 Caesaris

136 701 307 787 provoluta
324 698 491 784 temptavit
502 698 612 762 oculos
628 698 730 761 ducis.
754 697 876 760 frustra
909 696 1040 780 uidem3
1062 718 1125 761 nan

98 805 131 858 10
139 785 343 933 pulcbritudo
370 781 457 927 inlrffa
483 781 854 928 pqdicitiamdprpncipis
880 720 952 844 llis.
980 801 1068 928 ‘nlcb
1081 779 1126 845 ills

137 873 620 1032 sieltltollliiaillsllllt
638 886 672 1010 8ἓ
698 872 1126 1034 ...ledisset-⁰¹³3.
1160 970 1167 1033 s

137 1036 256 1118 triump
280 1036 298 1095 ὸ
320 1032 417 1113 vidit,
440 1033 650 1096 incautiorem
662 1040 779 1095 nancta
793 1030 974 1095 custodiam
993 1031 1030 1093 in
1049 1044 1172 1099 maner

100 1128 130 1178 11
143 1116 263 1181 solcum
285 1136 319 1178 se
340 1115 524 1201 (sepulchra
551 1137 586 1178 re
632 1137 665 1177 m
692 1116 739 1179 sie
764 1113 895 1199 vocant)
921 1134 997 1176 rece
1021 1114 1059 1178 it.
1093 1112 1127 1179 ibi
1155 1126 1156 1129 ’

137 1200 310 1280 maximos,
333 1207 369 1262 ut
387 1198 526 1280 solebat,
543 1137 656 1262 indulta
673 1197 777 1262 cultus
794 1199 829 1261 in
844 1197 965 1261 referto
981 1136 1127 1263 odoribus
1163 1221 1168 1246 l

139 1283 219 1347 solio
239 1283 332 1346 iuxta
353 1304 445 1345 suum
468 1304 502 1345 se
523 1281 704 1347 conlocavit
721 1282 914 1361 Antonium,
934 1279 1126 1367 admotisque
1162 1322 1169 1334 κ

138 1367 181 1432 ad
208 1386 309 1430 venas
337 1365 540 1454 serpentibus
567 1368 613 1430 sio
639 1375 741 1430 morte
770 1366 863 1452 quasi
891 1385 1003 1429 somno
1033 1364 1127 1430 solute

139 1459 198 1515 est.
918 1488 921 1501 ·
1131 1456 1144 1497 ὓ

71 1555 136 1620 1111,
153 1537 192 1599 12
234 1534 298 1598 Hic
315 1535 389 1600 finis
406 1557 567 1601 armorum
585 1533 744 1598 civilium:
767 1532 893 1618 reliqua
909 1531 1072 1596 adversus
1084 1551 1126 1596 ex·

138 1627 224 1682 teras
251 1628 379 1701 gentes,
408 1641 490 1705 quae
521 1618 666 1683 districto
695 1618 781 1679 eirca
806 1615 891 1681 mala
917 1636 976 1678 sua
1000 1613 1126 1702 imperio
1165 1645 1175 1701 q

114 1701 280 1765 adiversis
302 1702 476 1767 orbis'oris
499 1699 688 1766 emicabant.
709 1721 794 1782 nova
815 1699 933 1783 quippe
957 1720 1044 1782 pax,
1066 1716 1127 1762 nee
1175 1761 1178 1784 ,

141 1784 216 1847 dum
238 1784 391 1848 adsuetae
413 1784 513 1848 frenis
537 1782 701 1846 servitutis
723 1780 865 1845 tumidae
887 1780 1126 1863 gentiumnfle
1166 1780 1170 1790 ’

115 1876 255 1953 alaeque
276 1868 418 1932 cervices
440 1865 637 1951 abinposito
658 1885 762 1949 nuper
776 1865 852 1947 iugo
872 1863 1075 1929 resiliebant.
1093 1860 1147 1941 ed?
1176 1929 1178 1935 ,

142 1953 391 2036 septentrionem
418 1970 576 2014 conversa
602 1947 703 2010 ferme
727 1946 825 2033 plaga
845 1944 986 2008 ferocius
1010 1946 1127 2033 agebat,
1168 1945 1171 1956 ⁴

141 2024 265 2116 Norici,
288 2032 407 2140 Illyrii,
430 2033 606 2114 Pannonii,
629 2031 816 2114 Delmatae,
843 2029 964 2111 Moesi,
994 2029 1128 2095 Thraces
1171 2116 1174 2123 Ι

91 2192 95 2197 ,
143 2127 174 2184 et
193 2117 292 2209 Daci,
315 2116 479 2183 sarmatae
499 2127 595 2205 atque
618 2112 783 2201 Germani.
819 2134 822 2141 ¹

267 2309 270 2314 .
356 2249 470 2314 xxu.
492 2242 676 2314 sumen
697 2198 913 2314 uonrcvu.

117 2390 136 2438 4
227 2367 354 2432 Noricis
381 2369 505 2432 animos
529 2367 630 2451 Alpes
653 2366 786 2447 dabant,
813 2367 906 2454 quasi
928 2366 963 2429 in
989 2386 1088 2451 rupes
1105 2370 1153 2428 ete

144 2451 236 2512 nives
258 2448 380 2512 bellum
400 2471 466 2513 non
511 2458 597 2512 osset
617 2449 808 2532 ascendere3
839 2449 896 2513 sed
918 2470 1029 2512 omnes
1052 2447 1133 2512 illius

145 2532 285 2594 cardinis
305 2531 458 2616 populos,
480 2472 642 2612 drounos,
673 2531 801 2597 Cennos
823 2533 919 2618 'atque
940 2529 1132 2611 Vindelicos,

96 2627 203 2762 ‘oper
221 2616 408 2712 privignum
430 2638 523 2679 suum
543 2614 714 2679 Claudium
734 2615 879 2682 Drusum
897 2615 1038 2701 pacavit.
1060 2633 1135 2702 quae
1176 2660 1178 2730 ,

160 2706 245 2762 uer1t
262 2697 455 2784 Alpinarum
481 2700 626 2783 gentium
653 2699 782 2781 feritas,
808 2699 904 2766 facile
933 2706 982 2763 est
1007 2697 1065 2763 vel
1084 2717 1136 2785 per

145 2781 297 2847 mulieres
325 2783 509 2864 ostendere,
544 2805 625 2869 quae
654 2782 877 2847 deficientibus
902 2781 976 2846 telis
996 2781 1159 2846 infantesa

147 2888 223 2933 suos
244 2865 389 2932 adflictos
410 2867 500 2931 humi
521 2867 555 2930 in
577 2888 633 2931 ora
654 2866 793 2930 militum
811 2866 950 2931 adversa
970 2866 1135 2931 miserunt.

332 2980 462 3067 xxm.
485 2998 670 3064 uannvu
692 2964 950 3065 uaruicum.

122 3133 139 3183 e
230 3117 338 3204 Illyrii
358 3139 484 3264 quoque
505 3117 565 3182 sub
587 3116 726 3265 Alpibus
752 3125 852 3201 agsmt
872 3117 1018 3202 imasque
1039 3108 1140 3180 valles

149 3220 258 3263 earum
280 3209 312 3264 st
334 3221 415 3286 quae
440 3223 492 3264 am
510 3203 602 3287 quasi
623 3210 764 3265 eaustra
784 3199 968 3265 custodiunt
994 3198 1139 3287 abruptis

146 3283 342 3347 torrentibus
353 3284 513 3369 inplicata.
536 3289 570 3348 in
582 3285 641 3349 hos
660 3284 899 3371 expeditionem
915 3284 985 3370 ipse
998 3282 1161 3368 sumpsitu

126 3365 282 3452 7fierique
294 3376 406 3451 pontes
418 3368 598 3454 imperavit.
620 3369 673 3433 bie
694 3378 726 3433 et
742 3369 834 3455 aquis
852 3375 883 3431 et
897 3366 990 3430 hoste
1007 3365 1137 3432 tumbas-
