2356 3818
127 204 168 267 78
470 203 750 266 rnonrrrrrom.

128 369 217 438 aliud
245 388 342 455 quam
367 366 410 432 ad
437 342 559 432 bellum
584 365 808 431 vocabantur?
835 359 972 468 cumque
993 367 1125 434 damna·

127 464 234 519 torum
256 454 375 517 civium
395 452 482 516 bona
502 451 672 515 addicente
686 449 777 514 Sulla
798 473 945 538 quamms
966 452 1053 517 male
1074 474 1125 518 ea-

150 538 184 600 ta
204 537 274 599 iure
296 545 405 599 tamen
425 543 620 614 tenerentur,
641 535 790 619 repetitio
808 554 918 600 eorum
933 536 1050 621 procul
1069 538 1126 601 du-

103 560 183 685 rbio
211 618 430 684 labefactabat
456 617 651 703 compositae
678 619 818 683 civitatis
847 628 975 683 statum.
1027 641 1125 706 expe
1177 687 1178 699 ,

129 703 239 768 diebat
261 725 338 787 ergo
361 703 454 788 quasi
475 722 591 784 aegrae
608 703 800 787 sauciaeque
816 704 864 766 rei
885 703 1037 788 publicae
1060 706 1145 790 qui-s

128 809 237 851 escere
259 786 563 872 quomodocumque,
585 806 627 849 ne
647 784 782 849 volnera
802 788 966 850 curatione
988 788 1063 872 ipsa
1078 809 1126 851 re-

103 871 362 936 oscinderentur.
413 888 490 952 ergo
519 889 598 931 eum
629 868 769 933 turbidis
801 870 1003 934 contionibus
1036 870 1127 935 velut

128 955 265 1019 classico
293 955 458 1017 civitatem
488 952 673 1033 terruisset,
707 953 872 1037 profectus
900 955 935 1016 in
961 953 1135 1027 Etruriam

102 1043 218 1102 barma
243 1037 320 1100 inde
348 1043 379 1099 et
411 1037 589 1101 exercitum
615 1035 690 1100 urbi
713 1033 917 1102 admovebat.
968 1038 1027 1102 sed
1062 1040 1128 1103 iam

126 1122 286 1186 Mulvium
306 1128 437 1204 pontem
458 1118 634 1204 collemque
655 1117 836 1184 Ianiculum
857 1120 1006 1185 Lutatius
1030 1122 1150 1186 (latu-ro

127 1206 178 1269 lus
201 1203 377 1302 Gneusque
391 1203 471 1267 Pom
495 1204 579 1284 eius,
602 1200 754 1266 Sullanae
776 1203 1003 1269 dominationis
1027 1206 1126 1270 duces

103 1296 224 1386 7atque
253 1286 417 1370 signiferi,
452 1225 516 1350 alio
545 1287 689 1352 exercitu
716 1287 911 1351 insederant.
963 1310 982 1351 a
1007 1288 1126 1376 quibus

126 1392 230 1457 primo
253 1372 362 1434 statim
390 1372 512 1456 impetu
537 1379 624 1435 retro
668 1369 759 1434 uleus
777 1371 943 1456 hostisque
969 1394 990 1434 a
1012 1382 1126 1437 senatu

128 1454 288 1519 iudicatus
321 1455 489 1518 incruenta
515 1453 595 1537 fuga
620 1392 801 1537 Eptruriam,
835 1456 911 1519 inde
941 1454 1125 1521 Sardiniam

103 1539 275 1621 8recessit,
304 1537 414 1625 ibique
435 1537 547 1602 morbo
569 1547 600 1602 et
624 1539 822 1623 paenitentia
847 1540 979 1603 interiit.
1023 1541 1148 1604 victo-u

126 1644 179 1686 res
200 1644 335 1710 quoque,
357 1623 443 1708 quod
462 1643 528 1686 non
550 1630 670 1686 temere
692 1621 772 1686 alias
794 1625 829 1687 in
848 1621 996 1687 civilibus
1019 1622 1121 1704 bellis,

126 1707 228 1791 partis
250 1706 392 1772 contenti
412 1706 553 1770 fuerunt.

337 1822 417 1903 xii.
443 1835 627 1901 nnunvn
650 1836 903 1902 onrmmau.

60 1967 150 2042 1111,l
211 1964 385 2032 Catilinam
403 1962 532 2025 luxuria
545 1962 693 2046 primum,
714 1970 783 2024 tum
803 1961 1030 2026 hincconflata
1052 1982 1118 2047 ege-

128 2058 193 2112 stas
219 2050 268 2113 rei
295 2044 478 2125 familiaris,
508 2044 602 2110 simul
630 2045 771 2126 occasio,
800 2046 886 2133 quod
909 2047 944 2109 iu
971 2047 1140 2129 extremior

126 2132 245 2197 finibus
266 2129 377 2194 mundi
399 2150 488 2193 arma
508 2129 654 2194 Romana
679 2128 985 2214 peregrinabantur,
1014 2131 1050 2193 in
1070 2150 1118 2193 ne

127 2217 212 2280 faria
239 2213 375 2278 consilia
407 2212 635 2300 opprimendae
667 2213 791 2299 patriae
824 2236 901 2278 suae
938 2214 1117 2299 conpulere.

103 2306 273 2364 asenatum
291 2297 474 2381 confodere,
496 2297 645 2364 consules
666 2297 837 2380 trucidare,
861 2298 1056 2381 distringere
1076 2298 1118 2361 in·

127 2382 251 2447 cendiis
272 2380 400 2464 urbem,
423 2382 564 2467 diripere
585 2382 760 2463 aerarium,
782 2391 883 2448 totam
899 2382 1042 2480 denique
1055 2400 1119 2444 rem

125 2464 288 2613 publicam
307 2464 453 2530 funditus
475 2465 590 2530 tollere
610 2474 642 2528 et
662 2465 818 2550 quidquid
838 2488 898 2530 nec
909 2463 1054 2528 Annibal
1074 2464 1140 2527 viu

102 2555 118 2606 3
150 2556 257 2612 eretur
278 2556 420 2633 optasse,
443 2549 621 2635 quibus-
643 2570 661 2613 o
682 2549 789 2611 nefas!
810 2551 969 2613 -sociis
991 2547 1118 2630 adgres·
1175 2609 1178 2618 ,

127 2653 180 2695 sus
203 2633 265 2694 est!
288 2633 357 2716 ipse
393 2634 540 2714 atricius3
563 2631 621 2695 sed
638 2631 700 2696 hoc
718 2632 824 2716 minus
837 2642 900 2696 est:
924 2631 1024 2714 Curii,
1045 2631 1118 2696 Por-

126 2715 183 2796 cii,
207 2713 332 2797 Sullae,
362 2652 513 2801 flethegi,
534 2716 685 2781 Autronii
691 2728 704 2797 ,⁸
719 2715 900 2801 Varguntei
920 2726 952 2779 at
974 2736 1015 2779 ue
1037 2714 1118 2779 Lon·

125 2800 210 2884 gini,
231 2821 313 2886 quae
335 2798 492 2864 familiae!
522 2821 604 2887 quae
622 2808 751 2863 senatus
774 2800 953 2883 insignial
993 2798 1118 2863 entulus
1177 2815 1178 2820 ’

127 2904 253 2982 quoque
278 2891 348 2948 tum
372 2904 445 2948 cum
470 2885 612 2948 maxime
630 2890 770 2967 praetor.
815 2882 872 2948 hos
896 2884 999 2950 omnis
1020 2886 1142 2946 inme-³⁰

101 2967 254 3033 4niss1mi
274 2967 428 3033 facinoris
450 2968 604 3031 satellites
621 2964 743 3030 habuit.
773 2967 918 3032 additum
938 2975 987 3031 est
1002 2967 1120 3051 pignus

127 3051 356 3117 coniurationis
377 3052 509 3136 sanguis
523 3051 691 3132 humanus,
713 3073 809 3151 quem
830 3050 1052 3115 circumlatum
1067 3070 1120 3135 pa

126 3137 204 3199 teris
223 3134 353 3199 bibere:
382 3157 540 3201 summum
565 3135 672 3216 nefas,
700 3157 735 3198 m
761 3134 898 3221 amplius
921 3142 1021 3218 esset,
1049 3154 1119 3221 pro

102 3228 198 3303 apter
226 3219 313 3305 quod
338 3219 500 3284 biberunt.
544 3227 650 3282 actum
675 3227 744 3283 erat
770 3218 811 3282 de
827 3218 1043 3304 pulcherrimo
1063 3219 1118 3281 im·
1176 3233 1178 3276 r

125 3302 230 3386 perio,
251 3303 316 3365 nisi
334 3302 391 3368 illa
411 3304 589 3367 coniuratio
616 3303 651 3365 in
674 3302 862 3368 Ciceronem
889 3311 920 3367 et
940 3302 1142 3367 Antonium⁵

126 3383 274 3448 consules
299 3386 488 3469 incidisset,
510 3408 645 3473 quorum
664 3386 747 3450 alter
760 3387 926 3451 industria
945 3406 1016 3450 rem
1031 3392 1118 3472 pate

102 3465 219 3550 tfoeit,
248 3467 329 3539 alter
354 3490 457 3535 manu
472 3471 646 3559 oppressit.
694 3471 777 3538 tanti
806 3470 937 3535 sceleris
963 3470 1119 3535 indicium
