2356 3818
443 207 779 296 EfflmQ.„
1021 212 1117 278 Μ·

54 380 115 443 ius
133 374 340 460 Hispaniam:
360 380 427 439 tres
448 375 582 438 maximi
604 375 776 456 exercitus,
796 385 829 440 et
848 378 882 440 in
902 377 953 441 his
975 378 1062 443 orbis

55 459 237 546 imperium
267 458 420 522 societate
446 459 545 521 trium
570 458 752 544 principum
774 470 959 545 occupatur.
1009 462 1104 542 de·13

55 565 136 608 cem
157 562 260 607 annos
278 542 379 605 traxit
399 542 462 605 ista
482 541 658 607 dominatio
684 562 727 604 ex
745 541 825 623 fide,
877 546 932 607 uia
952 554 1062 610 mutuo

55 634 154 691 metu
174 622 376 689 tenebantur.
411 624 523 688 Orassi
544 632 646 687 morte
672 623 759 709 apud
779 566 932 707 Pambos,
959 638 1063 693 morte

57 708 172 774 Iuliae
206 707 357 770 Caesaris
390 706 492 788 filiae,
527 728 609 793 quae
639 716 740 806 nupta
765 700 918 794 Pompeio
951 712 1063 794 generi

55 790 234 877 socerique
261 791 467 855 concordiam
493 791 688 855 matrimonii
715 791 846 857 foedere
868 793 1061 874 continebat,

55 875 174 940 statim
194 872 374 949 aemulatio„
387 874 503 971 erupit.
517 914 520 919 -
545 875 610 936 iam
626 873 708 937 Pom
730 876 780 938 ein
801 885 968 960 suspectae
982 876 1062 940 Cae
1074 899 1106 948 14

56 959 146 1023 saris
170 978 246 1042 opes
265 964 296 1019 ct
319 956 452 1021 Caesari
473 956 670 1042 Pompeiana
725 960 832 1041 gnitas
853 960 974 1042 gravis.
1002 981 1062 1023 nec

55 1042 119 1106 illc
146 1039 273 1105 ferebat
300 1060 427 1123 parem,
454 1060 514 1102 nec
543 1041 596 1102 hic
624 1043 831 1126 superiorem.
875 1063 934 1127 pro
951 1043 1073 1107 nefas!-

44 1125 112 1190 ·sic
131 1123 174 1186 de
193 1123 377 1208 principatu
396 1121 598 1204 laborabant,
618 1132 684 1187 tam
706 1145 782 1187 uam
803 1125 884 1189 duos
905 1126 988 1190 tanti
1004 1127 1062 1189 im·
1106 1132 1109 1137 ’

55 1192 147 1293 ptrii
169 1205 299 1271 fortuna
320 1227 393 1275 non
407 1215 546 1304 caperet.
591 1146 711 1305 argui

714 1207 822 1271 entulo
842 1208 1061 1295 Marcelloque
1076 1222 1105 1271 15

58 1288 250 1357 consulibus
272 1296 368 1373 rupta
387 1310 527 1373 primum
550 1291 781 1354 comurationis
801 1289 894 1356 fides.
939 1292 979 1356 de
992 1313 1062 1356 suc-

58 1373 211 1437 cessione
234 1371 383 1435 ansaris
406 1381 551 1453 senatus,
580 1373 615 1436 id
636 1381 685 1436 est
707 1373 881 1472 Pompeius
908 1374 1061 1473 agitabat,

56 1477 123 1519 nec
147 1454 203 1519 ille
224 1453 401 1534 abnuebat,
428 1455 456 1518 si
477 1457 566 1519 ratio·
586 1457 636 1517 sui
654 1460 810 1539 proximis
840 1460 978 1521 comitiis
1006 1458 1060 1520 ha-

44 1540 205 1603 serens
248 1537 435 1615 utdaretur
455 1536 642 1601 consulatus
664 1538 805 1620 absenti,
834 1562 929 1625 quem
950 1540 1105 1611 deeemle

56 1621 186 1701 tribuni
206 1621 336 1684 favente
357 1620 513 1707 Pompeio
533 1642 636 1706 nuper
657 1621 883 1704 decreverant,
912 1623 1059 1687 dissimu-

58 1707 151 1769 lante
172 1698 287 1768 eodeni
302 1703 499 1787 negabatur:
526 1704 654 1768 veniret
682 1712 713 1766 et
733 1712 858 1789 peteret
884 1726 974 1769 more
993 1726 1059 1769 ma-

58 1791 177 1853 iorum.
227 1786 282 1851 ille
310 1797 422 1850 contra
443 1787 590 1871 flagitare
619 1788 764 1868 decreta,
795 1810 850 1869 ac,
886 1790 951 1851 nisi
978 1789 1102 1853 fides17

57 1879 282 1958 permaneret,
301 1892 367 1933 uon
387 1872 549 1937 remittere
570 1873 758 1934 exercitum.
803 1894 880 1955 ergo
894 1882 931 1936 ut
950 1873 985 1935 in
1005 1872 1060 1935 ho·

44 1964 147 2019 ¹stem
169 1954 363 2018 decernitur.
406 1953 457 2017 his
481 1954 601 2018 Caesar
626 1955 768 2039 agitatus
789 1956 900 2019 statuit
917 1956 1061 2041 praemia

57 2059 224 2102 armorum
245 2037 343 2101 armis
366 2036 551 2101 defendere.

144 2120 255 2183 Prima
276 2119 383 2182 civilis
404 2119 483 2183 belli
503 2120 624 2184 harena
639 2119 735 2182 Italia
755 2119 831 2201 fuit,
855 2123 945 2185 cuius
967 2142 1057 2184 arces
1069 2141 1101 2191 18

57 2203 188 2269 levibus
210 2203 381 2287 praesidiis
399 2202 571 2288 Pompeius
594 2202 773 2282 insederat3
797 2203 854 2265 sed
877 2205 984 2266 omnia
1008 2225 1059 2265 su-

57 2288 128 2353 bito
153 2285 303 2351 Caesaris
325 2287 446 2371 impetu
474 2307 629 2371 oppressa
658 2295 741 2348 sunt.
785 2286 890 2368 prima
910 2287 1056 2349 Arimino
1071 2295 1102 2344 19

44 2373 87 2437 ἰε’
137 2392 159 2433 a
187 2370 382 2433 cecinerunt.
426 2378 493 2433 tum
511 2368 623 2453 pulsus
645 2367 778 2433 Etruria
798 2368 896 2450 Libo,
924 2366 1061 2432 Vmbria

58 2454 86 2517 T
113 2474 237 2533 ermus,
267 2452 429 2515 Domitius
456 2451 608 2515 Corfinio.
653 2460 685 2514 et
711 2459 877 2536 peractum
904 2459 972 2515 erat
992 2451 1060 2515 bel·

58 2537 127 2601 lum
151 2537 220 2601 sine
241 2536 409 2618 sanguine,
433 2536 460 2598 si
480 2534 671 2620 Pompeium
688 2535 1060 2620 Bnrndisiiopprimere

57 2620 228 2706 potuisset.
273 2628 304 2681 et
319 2626 465 2703 ceperat3
501 2618 559 2682 sed
589 2618 646 2682 ille
672 2640 732 2703 per
763 2617 889 2682 obsessi
919 2618 1060 2682 claustra
1068 2633 1102 2684 20

59 2712 173 2788 portus
195 2711 352 2768 nocturna
367 2702 447 2785 fuga
466 2702 580 2764 evasit.
594 2709 705 2847 turgia
727 2701 831 2765 dictu!
854 2701 951 2766 modo
971 2702 1059 2786 prin·

44 2798 139 2872 'ceps
158 2793 302 2871 patrum,
323 2785 413 2870 pacis
434 2783 577 2870 bellique
597 2806 649 2848 mo
675 2793 780 2848 erator
806 2805 866 2868 per
885 2785 983 2847 trium
1005 2784 1060 2847 ba·

58 2879 129 2935 tum
149 2890 170 2933 a
192 2890 335 2933 semare
355 2867 463 2932 lacera
482 2876 514 2930 et
534 2888 638 2951 paene
658 2868 775 2931 inermi
795 2888 880 2931 nave
901 2866 991 2949 fugis
1015 2872 1058 2929 at.

59 2973 121 3017 nec
143 2951 281 3037 Pompei
307 2951 348 3015 ab
376 2950 473 3013 Italia
499 2971 595 3036 quam
623 2959 754 3013 senatus
781 2950 823 3013 ab
857 2947 939 3012 urbe
972 2947 1053 3030 fuga
1064 2961 1095 3011 21

59 3036 200 3121 turpior:
224 3056 320 3121 quam
340 3055 443 3119 paene
463 3055 600 3098 vacuam
626 3042 713 3096 metu
742 3032 863 3095 (laesor
893 3032 1060 3113 ingressus

58 3117 229 3185 consulem
254 3139 289 3181 se
316 3119 328 3181 i
352 3138 399 3180 se·
415 3116 502 3180 fecit.
554 3117 714 3179 aerarium
748 3122 875 3213 quoque
904 3120 1059 3192 sanetum,

44 3202 148 3289 ·quod
174 3205 252 3287 quia
277 3140 401 3265 tardius
429 3198 617 3284 aperiebant
643 3198 765 3262 tribum
791 3197 887 3260 iussit
921 3194 1059 3279 effringi,

57 3307 195 3353 censum
222 3293 254 3349 et
278 3283 508 3369 patrimonium
534 3282 646 3367 populi
674 3280 826 3359 Romani,
855 3287 929 3343 aute
952 3278 1060 3363 rapuit

56 3391 156 3457 quam
176 3369 356 3454 imperium.

143 3453 244 3519 Pulso
268 3452 444 3534 fugatoque
461 3446 625 3533 ‘Pompeio
653 3444 766 3510 maluit
790 3445 880 3532 prius
909 3442 1101 3588 qrdinarcaa

63 3564 185 3603 nonve.
