2348 3818
269 226 373 275 uana
389 223 615 273 nuuoaums.
639 207 851 275 XLVI-L.
1020 213 1058 278 31

301 426 478 492 'XLVIIL
509 425 573 491 DE
596 425 805 493 COMITIIS.

149 546 287 612 C'omitia
309 547 458 612 dicuntur
481 568 500 610 a
522 548 674 612 comitatu
694 556 727 612 et
752 546 948 634 frequentia,
973 551 1084 636 quodt

51 639 172 719 patres
203 639 235 695 et
263 631 382 695 classes
417 630 460 695 ad
486 631 640 716 suffragia
662 640 819 696 vocantur
851 631 1062 698 creandorum

52 716 309 798 magistratuum
325 714 383 779 'vel
405 714 608 779 sacerdotum
629 736 736 779 causa.
781 714 991 785 Comitiorum
1004 737 1085 786 aua

25 810 129 863 atem
146 798 267 883 triplex
283 800 365 863 ratio
383 806 448 862 est:
469 797 551 862 haec
567 800 706 882 curiata,
726 799 807 864 haee
826 798 963 882 tributa,
980 798 1061 864 haec

57 884 244 946 centuriata
265 881 430 962 dicuntur,
459 883 534 967 quia
554 892 609 946 aut
628 904 686 968 per
705 884 824 963 curias,
851 891 907 945 aut
927 905 986 969 per
1005 884 1061 947 tri·

55 967 140 1047 bus,
165 976 221 1030 aut
241 988 300 1052 per
326 966 487 1030 centurias
513 965 738 1051 explicantur.·
771 964 807 1030 si
827 966 1087 1040 translaticiums

58 1051 107 1114 sit
127 1057 159 1112 et
179 1049 322 1132 solitum,
350 1049 390 1113 da
432 1070 474 1113 uo
502 1049 639 1135 populus
662 1048 680 1086 *
692 1049 725 1132 ²⁸,
757 1050 888 1115 curiatis
910 1051 1061 1134 transigi·

57 1145 131 1198 tur:
155 1134 183 1196 si
205 1133 356 1218 amplius,
378 1071 525 1197 tributis:
555 1134 584 1197 si
599 1134 634 1197 in
655 1155 778 1198 summo
797 1134 981 1198 discrimine
1003 1141 1061 1216 cst,

20 1242 48 1282 10
59 1227 133 1364 Eum
154 1216 246 1281 miles
273 1217 316 1282 ad
339 1217 495 1302 suffragia
519 1226 654 1282 vocatur
668 1212 707 1283 'et
732 1219 869 1283 comitia⁴
884 1219 1063 1283 centuriata

87 1301 224 1364 icantur.

125 1413 299 1478 XLVIIII.
341 1417 399 1477 DE
422 1416 576 1477 POPVLI
592 1415 763 1480 ‚ROMANI
782 1414 953 1479 DlSTRIB
961 1421 1004 1480 V-

458 1514 600 1577 YIONIB
608 1511 666 1576 VS.

147 1626 384 1712 Antiquissima
408 1646 451 1712 po
473 1622 521 1688 uli
549 1623 687 1689 Romani
723 1622 906 1688 distributio
942 1624 1085 1711 triplexl

27 1718 130 1793 uest,
163 1731 258 1797 quam
279 1708 434 1774 Romulus
452 1647 547 1772 lecit:
570 1710 605 1772 in
631 1729 756 1791 regem,
778 1707 813 1771 in
837 1715 998 1792 senatum,
1027 1710 1063 1773 in

62 1794 234 1882 populum,
265 1796 320 1880 qui
339 1792 477 1880 populus
497 1793 531 1855 in
551 1800 617 1856 tres
637 1791 741 1856 tribus
762 1789 982 1876 dividebatur,
1008 1791 1061 1856 Ti-

63 1882 220 1961 tienscm,
252 1877 483 1956 Lucerensem,
517 1875 717 1940 Ramnetem.
778 1874 922 1962 Sequens
950 1875 1088 1976 populi2

65 1962 206 2028 Romani
230 1960 413 2026 distributio
441 1960 501 2025 sub
526 1959 640 2025 Servio
663 1958 770 2023 Tullio
789 1982 825 2023 re
850 1980 885 2043 e,
934 1982 968 2023 ur
990 1981 1063 2025 cum

66 2048 102 2109 in
122 2045 242 2128 tribus,
275 2045 411 2128 classes,
445 2045 607 2108 centurias
637 2044 748 2108 divisit
775 2053 807 2107 et
853 1982 992 2109 'atribuit
1012 2065 1062 2107 ra·

29 2159 55 2197 a»
65 2133 154 2194 tione
173 2151 288 2193 census
295 2177 304 2210 ‚
327 2137 363 2193 ut
378 2129 515 2215 optimus
539 2135 570 2191 et
585 2128 659 2192 locu
682 2128 855 2190 latissimus
877 2128 1011 2214 quisque
1028 2128 1062 2190 in

66 2213 244 2297 suffragiis,
262 2213 297 2277 id
314 2221 362 2277 est
377 2213 412 2275 in
431 2234 467 2276 re
484 2210 614 2298 publica
630 2150 803 2296 pllirimum
819 2210 952 2274 valeret.
981 2209 1088 2276 Ter-3

64 2299 111 2361 tia
132 2297 251 2362 divisio
272 2305 320 2361 est
341 2299 375 2360 in
396 2304 549 2382 patronos
572 2304 604 2358 et
625 2293 808 2377 clientelas,
834 2295 910 2380 quia
932 2293 1062 2358 inferio·

64 2403 117 2444 res
137 2383 337 2466 superiorum
354 2402 389 2444 se
410 2379 487 2444 fidei
511 2377 762 2443 committebant.

267 2500 333 2573 ¹L.
375 2506 439 2572 Du
459 2505 603 2573 REBVS
624 2503 840 2570 PVBLICIS.

31 2649 56 2690 25
149 2619 270 2683 Rerum
286 2619 489 2705 publicarum
504 2622 567 2685 tria
582 2640 703 2720 genera
720 2626 808 2683 sunt:
825 2619 966 2704 regium,
982 2622 1062 2706 opti·

65 2711 201 2793 rnatum,
233 2703 398 2788 populare.
451 2705 519 2768 Aut
543 2727 628 2769 emm
654 2702 714 2767 sub
741 2724 855 2787 regum
881 2712 956 2767 sunt
997 2712 1093 2779 ote,

66 2797 165 2869 state,
196 2794 232 2850 ut
253 2785 399 2852 Seleucia
425 2788 632 2853 Parthorum:
661 2795 717 2850 aut
741 2795 870 2850 senatus
877 2834 886 2869 ,
911 2795 947 2850 ut
1011 2798 1084 2851 as·'

65 2872 139 2936 silia
167 2869 358 2935 Galloruma
382 2881 438 2937 aut
469 2895 504 2937 sa
535 2874 599 2959 ipsi
625 2879 757 2956 regunt,
784 2879 821 2934 ut
845 2869 1060 2957 Athenienses
1162 2924 1167 2945 ,

65 2955 224 3019 solebant.
267 2953 330 3018 Est
352 2964 384 3019 et
423 2965 551 3020 uartum
571 2977 691 3042 genus,
713 2954 799 3042 quod
821 2952 958 3018 Romani
979 2975 1061 3019 com-

31 3040 166 3104 tomenti
188 3047 277 3121 sunt,
302 3038 338 3102 ut
358 3061 400 3103 ex
441 3039 468 3103 is
486 3040 589 3104 tribus
611 3062 711 3103 unum
732 3038 912 3104 efficerent:
939 3058 1014 3102 nam
1030 3047 1063 3103 et

63 3124 190 3206 regiam
206 3131 398 3210 potestatem
419 3123 567 3188 consules
590 3122 724 3204 habent,
747 3131 779 3186 et
798 3143 897 3209 penes
915 3129 1061 3186 senatum

61 3206 193 3271 eonsilii
208 3205 330 3293 publici
346 3228 469 3270 summa
481 3215 546 3291 est,
565 3216 597 3272 ct
612 3206 704 3293 plebs
722 3205 819 3270 habet
836 3206 1061 3291 suffragiorum

60 3299 264 3376 potestatem.

461 3503 667 3516 m—
