2356 3818
109 220 147 282 14
477 230 571 280 sven
588 229 731 280 suram

67 402 96 451 tl
109 384 223 451 Cimon
252 382 333 466 dux,
363 381 425 466 qui-
445 381 577 448 Persico
602 381 687 447 bello
711 382 833 446 Xerxis
855 383 979 468 copiae,
997 383 1107 529 lgede-

107 469 182 532 stris
213 467 307 530 simul
334 472 430 552 atque
457 469 600 548 navalis,
627 467 662 529 in
689 467 761 551 ipsa
787 466 869 530 Asia
889 465 977 551 apud
1030 488 1107 552 ury-

68 550 259 633 12medonta
284 549 419 614 fluvium
438 570 503 613 uno
524 549 576 614 die
597 549 687 612 vicit.
730 547 918 613 Alcibiades
940 548 1026 630 dux,
1055 551 1108 614 vir

106 655 240 719 genere,
269 654 306 697 co
329 633 380 714 ia,
399 631 514 718 opibus
533 632 685 713 illustris,
708 633 763 719 qui
805 654 841 696 ro
864 641 914 696 ter
935 632 1108 696 detrunca-

105 728 157 783 tos
189 726 284 781 noete
345 717 487 780 ercurios
517 737 591 779 reus
623 713 728 780 factus
759 655 805 780 od
859 715 1128 781 acedaemonioss

107 801 252 885 confugit
272 798 511 946 Pffionnensi
529 796 631 880 bello,
655 809 701 880 et,
723 821 796 863 cum
817 798 948 863 fecisset
970 819 1029 864 eos
1056 822 1108 864 su·

106 886 266 971 perieras,
369 885 503 946 'etomm
529 882 650 946 civium
678 884 828 947 misertus
858 882 956 946 rediit
986 885 1025 945 in
1051 904 1109 968 pa·

106 969 216 1050 triam,
247 974 280 1030 et
312 967 380 1031 dux
413 974 539 1039 creatus
570 965 687 1030 itemm
715 967 855 1031 victores
886 964 1108 1030 Athenienses

13 1049 16 1055 ’
66 1065 98 1116 13
108 1052 196 1115 fecit.
247 1047 484 1134 Thrasybulus,
509 1050 572 1195 (gui
585 1050 738 1148 ‘triginta
766 1049 974 1134 magistratus
1003 1048 1107 1113 Lace-

108 1134 324 1199 daemoniost
383 1131 491 1195 nnidis
532 1141 725 1196 ommatrone
741 1133 914 1197 saevientis
929 1132 1018 1196 facta
1033 1155 1139 1199 con-to

107 1219 265 1282 iuratione
292 1237 313 1278 a
359 1216 366 1230 ⁸
393 1215 418 1278 it
445 1223 477 1278 et
503 1214 686 1279 libertatem
713 1214 966 1280 Atheniensibus
998 1216 1109 1281 reddi-

66 1323 99 1372 14
109 1301 166 1365 dit.
212 1299 327 1364 Conon
343 1298 423 1380 dux,
467 1299 502 1362 ui
523 1319 633 1362 omnes
644 1298 976 1364 Lacedaemoniorum
995 1300 1108 1385 copias

107 1383 194 1482 apud
216 1382 356 1447 Cnidum
375 1382 426 1445 ins
462 1403 515 1445 am
536 1382 621 1468 cepit
643 1391 675 1446 et
696 1383 864 1468 imperium
885 1382 983 1445 maris
1005 1382 1108 1447 Athe

67 1485 159 1536 15ms
180 1468 331 1531 restituit.
360 1465 478 1550 Dion,
505 1466 560 1552 qui
582 1473 654 1529 octo
681 1467 838 1531 onerariis
865 1465 1003 1530 navibus
1027 1466 1107 1531 Dio·

106 1551 236 1637 nysium
273 1572 308 1617 re
334 1572 384 1614 em
415 1548 545 1613 Siciliae
577 1557 705 1613 centum
734 1557 889 1614 rostratas
921 1548 1106 1632 habentem,
1115 1573 1135 1614 s

107 1634 183 1699 dum
209 1635 244 1697 in
265 1572 393 1697 Italiam
414 1633 520 1714 abest,
549 1654 650 1717 regno
678 1632 802 1719 expuht
823 1633 985 1718 occupatis
1009 1632 1106 1719 Syra·

67 1732 97 1782 to
108 1719 204 1782 cusis.
248 1716 442 1802 Iphicrates,
463 1717 512 1779 rei
526 1714 676 1780 militaris
691 1716 919 1815 peritissimus,
942 1717 998 1802 qui
1017 1739 1106 1782 arma

66 1812 97 1861 17
108 1801 265 1864 habiliore
290 1801 433 1886 pondere
458 1807 489 1862 et
514 1800 609 1863 modo
640 1799 727 1864 fec1t.
782 1799 943 1881 Phocion,
971 1801 1030 1886 qui
1055 1803 1106 1864 vir

106 1885 210 1948 bonus
237 1885 480 1967 cognominatus
508 1891 571 1965 est,
596 1905 701 1970 neque
726 1883 794 1946 ulla
820 1884 958 1968 pecunia
981 1906 1003 1947 a
1031 1884 1104 1948 Phi·

106 1966 194 2052 lippo
220 1967 325 2051 potuit
346 1966 513 2030 sollicitari
533 1975 569 2030 ut
590 1966 633 2029 ad
654 1988 726 2030 eum
748 1967 944 2031 discederet:
969 1970 1028 2066 qui
1049 1967 1132 2032 ad-io

105 2049 309 2115 monentibus
327 2051 453 2132 amicis,
472 2058 508 2113 ut
519 2049 630 2115 liberis
645 2051 712 2114 suis
730 2050 926 2134 consuleret,
944 2058 985 2114 ‘ss
1003 2052 1102 2134 boni,’

105 2135 222 2220 inquit,
246 2142 365 2216 ‘emnt,
383 2132 436 2197 hic
453 2133 578 2218 agellus
595 2136 642 2198 eis
661 2134 816 2217 sufficiet3
839 2134 867 2197 si
883 2134 973 2217 mali,
996 2134 1102 2198 nihil’

66 2232 98 2285 18
109 2217 266 2283 Chabrias
295 2219 376 2300 dux,
405 2220 459 2304 qui
487 2217 680 2302 gladiatoria
705 2226 774 2282 arte
794 2239 940 2303 pugnare
966 2220 1103 2282 militem

107 2302 230 2385 docuit,
259 2301 285 2367 Ο
331 2323 391 2366 ron
412 2310 443 2366 et
460 2301 579 2367 Naxon
606 2311 637 2366 et
658 2321 769 2366 omnes
793 2301 955 2365 Asiaticas
977 2301 1102 2367 insulas

105 2386 241 2450 Athenis
265 2407 284 2448 a
309 2388 428 2468 unxit,
458 2395 490 2451 et
511 2388 597 2450 circa
619 2384 724 2451 Ohion
750 2385 860 2450 navali
881 2383 968 2449 bello
996 2383 1130 2450 occidis

65 2469 219 2534 lamaluit
239 2489 335 2554 quam
355 2468 489 2533 abiectis
511 2471 609 2534 armis
632 2479 772 2533 enatare.
816 2467 1002 2532 Demetrius
1019 2467 1101 2532 Pha

104 2552 223 2631 lereus,
245 2553 300 2637 qui
318 2551 490 2616 virbonus
509 2554 709 2615 existimatus
726 2551 863 2638 ideoque
880 2551 921 2616 ob
939 2552 1103 2650 insignem

103 2634 258 2698 iustitiam
284 2636 398 2697 statuis
425 2636 577 2698 trecentis
599 2644 648 2698 est
670 2633 859 2718 honoratus,
888 2656 967 2722 quas
991 2656 1101 2722 cipro

103 2715 252 2782 libertate
272 2724 449 2804 posuerunt
469 2719 504 2780 in
525 2718 547 2796 †
568 2717 651 2782 facie
673 2715 814 2803 publica.

308 2851 400 2917 XVI.
436 2851 583 2918 REGES
604 2851 902 2927 MACEDONVM.
1109 2867 1130 2909 so

82 2976 95 3024 1
189 2963 372 3051 Philippus,
389 2965 550 3052 Amyntae
565 2968 666 3049 filius,
681 2966 801 3052 primus
813 2965 1028 3030 Macedonum
1046 2966 1102 3031 ob·

10 3060 12 3067 '
104 3049 199 3111 tinuit
227 3047 397 3113 Thraciam
423 3051 611 3137 redegitque
641 3053 676 3114 in
707 3071 798 3114 suam
826 3058 1034 3135 potestatem3
1071 3061 1102 3116 et

104 3133 334 3196 cumtransire
355 3135 390 3197 in
406 3135 519 3198 Asiam
540 3134 653 3216 vellet,
677 3133 736 3198 sub
754 3136 823 3219 ipso
844 3132 923 3196 belli
942 3143 1102 3219 apparatu

69 3215 140 3300 cin
171 3215 297 3283 theatro
329 3238 349 3281 a
377 3217 539 3282 Pausania
569 3227 618 3282 est
647 3216 845 3281 interfectus.
899 3216 1099 3300 Alexander,

104 3296 247 3383 Philippi
264 3308 296 3362 et
317 3301 358 3364 Ol
413 3303 519 3388 piadis
539 3301 643 3383 filius,
670 3323 713 3371 ex
732 3299 812 3364 urbe
835 3299 926 3363 Pella
945 3300 1129 3370 Macedo-ss

103 3381 177 3444 niae
196 3402 268 3444 cum
284 3406 328 3483 qu
371 3387 498 3469 raginta
512 3384 642 3450 milibus
658 3384 795 3447 militum
811 3385 846 3446 in
861 3382 974 3446 Asiam
993 3393 1100 3449 trans-

98 3462 360 3546 isset,'Danum
390 3488 501 3554 regem
521 3470 694 3536 Persarum
717 3468 856 3552 primum
879 3475 957 3552 aput
978 3467 1098 3534 Grani·
