2356 3818
111 215 152 280 48
370 219 374 225 ’
470 229 573 279 rnoru
588 229 752 278 srrrous.
840 250 842 261 ·

113 401 187 464 gam
204 379 317 443 eadem
332 378 433 465 quies.
458 381 530 466 quis
549 389 693 466 speraret
708 388 781 465 post
800 377 1038 462 Carthaginem
1058 383 1108 447 ali·

87 471 103 519 2
115 462 200 549 quod
216 464 251 525 in
263 462 378 525 Africa
394 462 538 527 bellum?
561 471 593 525 at
615 464 672 527 uin
684 484 750 526 non
766 462 880 526 leviter
899 483 934 525 se
947 462 1108 531 Numidia

111 546 280 627 concussit,
306 553 337 609 et
358 545 420 609 fuit
438 547 472 609 in
488 545 528 609 Iu
595 486 644 608 ha
663 546 749 632 quod
765 555 838 632 post
851 545 1057 613 Annibalem
1074 551 1108 615 ti·

110 639 259 693 meretur.
291 632 408 728 quippe
423 651 483 692 rex
502 629 728 693 calidissimus
751 628 904 714 populum
921 628 1106 698 Romanum

111 715 208 777 armis
235 715 391 777 inmotum
417 710 531 796 opibus
549 712 721 796 adgressus
743 720 808 796 est3
837 720 886 776 set
914 712 1000 776 eitra
1020 737 1108 800 spem

112 799 252 861 omnium
262 796 391 861 fortuna
408 796 512 876 cessit,
529 804 565 859 ut
581 819 642 860 rex
657 796 771 860 fraude
788 797 982 881 praecipuus
994 797 1108 864 fraude

85 884 289 967 Scaperetur.
311 879 372 960 hic,
389 879 580 943 Massinissa
590 900 661 963 avo,
676 879 813 977 Micipsa
829 889 920 963 patre
937 901 1000 963 per
1011 883 1108 970 adop

109 967 238 1045 tionem,
259 984 331 1026 eum
344 961 524 1026 interficere
540 964 656 1028 fratres
675 972 838 1027 statursset
854 964 997 1046 agitatus
1016 968 1108 1052 regni

111 1047 293 1132 eupiditate,
310 1066 370 1108 nec
392 1044 464 1108 illos
486 1049 589 1130 magis
612 1069 707 1132 quam
725 1055 871 1110 senatum
886 1047 1108 1137 populumque

110 1132 298 1208 Romanum,
318 1149 453 1226 quorum
470 1129 503 1192 in
519 1130 584 1193 fide
605 1131 687 1193 etin
704 1129 854 1194 clientela
870 1151 1009 1213 regnum
1031 1143 1106 1215 erat,

84 1219 273 1291 emetueret,
291 1233 430 1295 pmmum
446 1212 550 1276 scelus
562 1213 692 1277 mandat
703 1215 841 1278 insidiis.
861 1214 984 1298 potitus
997 1215 1107 1280 Hiem-

131 1293 207 1357 salis
224 1295 328 1379 capite
351 1317 423 1359 cum
440 1317 475 1359 se
492 1297 527 1361 in
543 1296 762 1361 Adherbalem
782 1298 999 1362 convertisset
1016 1300 1107 1386 isque

108 1318 243 1443 ltomam
265 1378 476 1464 profugisset,
497 1382 597 1445 missa
620 1403 679 1466 per
702 1381 824 1466 legatos
845 1381 986 1466 pecunia
1007 1386 1106 1448 traxit

84 1465 144 1534 5in
161 1464 352 1527 sententiam
368 1486 458 1528 suam
475 1474 630 1529 senatum.
654 1465 782 1529 ethaeo
801 1466 868 1528 eius
884 1463 946 1528 fuit
961 1464 1002 1530 de
1013 1466 1105 1531 nobis

106 1548 210 1633 prima
226 1548 372 1611 victoria.
402 1550 516 1614 missos
535 1549 660 1629 deinde,
704 1551 739 1612 ui
759 1571 794 1613 re
818 1570 894 1611 num
910 1549 998 1612 inter
1015 1549 1103 1615 illum

106 1631 386 1718 Adherbalemque
406 1633 594 1713 dividerent,
616 1572 763 1696 similiter
778 1571 962 1715 adgressus,
981 1635 1102 1697 cumin

108 1714 227 1778 Scauro
249 1717 336 1798 ipsos
359 1715 496 1777 Romani
524 1717 650 1798 imperii
671 1737 776 1779 mores
797 1725 1039 1799 expugnasset,
1062 1719 1100 1781 in·

107 1797 257 1860 choatum
283 1797 375 1859 nefas
401 1797 537 1880 perfecit
565 1798 709 1859 audacia.
745 1797 803 1860 sed
829 1820 894 1862 non
923 1798 985 1873 diu,
1004 1799 1099 1864 latent

81 1879 242 1942 oseelera.
283 1887 450 1962 corruptae
471 1878 562 1941 nefas
584 1879 754 1977 legationis
776 1901 834 1942 eru
856 1882 895 1960 it,
918 1881 1033 2024 placui
1065 1903 1097 1947 ue

83 1960 258 2047 7persequi
280 1959 365 2023 bello
385 1961 587 2045 parricidam.
617 1984 739 2060 primus
763 1963 798 2025 in
850 1963 916 2025 umi
940 1965 1007 2029 iam
1060 1965 1108 2030 erl-¹

106 2042 369 2130 pumiusBestia
386 2043 497 2108 consul
515 2045 701 2128 inmittrtur3
720 2045 777 2110 sed
788 2068 855 2126 rex,
875 2057 1034 2129 expertus
1045 2050 1096 2116 ior

106 2130 168 2192 tius
180 2126 335 2192 adversus
346 2128 506 2193 Romanos
524 2149 638 2192 aurum
654 2151 725 2193 esse
743 2129 1096 2217 quamferrum,paeen1

56 2261 58 2266 .
81 2214 194 2278 8emit.
221 2214 311 2280 euius
327 2211 444 2298 flagitii
460 2234 533 2277 reus
552 2234 625 2279 eum
642 2214 877 2278 interveniente
893 2211 1027 2298 publica
1043 2216 1095 2281 fide

106 2319 125 2360 a
147 2307 260 2361 senatu
281 2306 505 2378 arcesseretur,
529 2299 599 2382 pari
621 2298 756 2363 audacia
777 2306 809 2362 et
828 2299 918 2361 venit
940 2306 972 2360 et
990 2320 1095 2386 conpe-

27 2452 31 2460 ,
105 2382 233 2444 titorem
254 2382 381 2466 imperii
398 2381 606 2445 Massinissae
624 2383 800 2446 Massivam
821 2382 953 2444 inmisso
972 2389 1108 2466 percus-²

79 2481 178 2532 osore
195 2463 344 2532 confecit.
368 2464 448 2527 haee
464 2463 567 2527 altera
584 2474 695 2527 contra
705 2486 815 2547 regem
834 2463 1022 2529 causahelli
1032 2466 1108 2539 fuit

109 2542 368 2630 igitur-'sequens'
390 2545 469 2609 ultio
492 2547 662 2610 mandatur
684 2546 815 2611 Albino.
850 2557 898 2611 set
914 2548 1009 2611 huius
1029 2569 1095 2635 quo·

111 2648 173 2712 que
188 2665 230 2676 —-
250 2631 308 2712 pro
330 2627 484 2692 dedecus!
502 2665 545 2678 —-
565 2629 666 2694 frater
687 2632 732 2694 ita
753 2653 847 2695 corru
870 2633 895 2694 it
916 2634 1108 2710 exereitum*

109 2709 343 2774 utroluntaria
363 2722 544 2778 nostrorum
559 2713 639 2797 fuga
659 2714 803 2778 vinceret
852 2715 961 2778 umida
975 2718 1094 2779 castris·

110 2816 171 2881 que
192 2803 370 2893 poteretur,
398 2796 507 2860 addito
532 2798 628 2861 etiam
648 2799 735 2882 turpi
756 2797 887 2862 foedere
906 2800 940 2862 in
961 2794 1108 2883 pretiml

64 2890 97 2941 10
106 2878 227 2960 salutis,
251 2900 313 2965 quo
335 2900 414 2964 quos
439 2889 558 2944 emerat
579 2880 700 2946 dimisit
722 2883 892 2945 exereitus.
922 2882 1054 2947 tandem
1067 2884 1094 2946 ir

42 2990 45 2997 *
74 3012 78 3021 ,
103 2963 260 3028 ultionem
270 2983 342 3051 *non
364 2973 431 3027 tam
452 2963 579 3048 imperii
601 2964 739 3030 Romani
764 2987 859 3051 quam
880 2965 1014 3049 pudoris
1035 2965 1093 3030 Me

103 3047 198 3110 tellus
215 3047 369 3131 adsurgit,
393 3048 449 3132 qui
470 3046 676 3112 callidissime
698 3049 822 3113 hostem
843 3070 930 3112 nune
950 3049 1093 3133 precibus

104 3150 189 3194 nunc
205 3131 309 3212 minis,
332 3132 397 3195 iam
415 3131 563 3212 simulata
579 3134 644 3195 iam
663 3137 743 3197 vera'
755 3132 833 3216 fuga
851 3131 1035 3197 eludentem
1052 3153 1092 3195 ar-

65 3227 95 3276 11
106 3210 192 3275 tibus
213 3216 278 3278 suis
303 3213 476 3300 adgressus
498 3224 574 3287 esta
587 3237 738 3301 agrorum
763 3224 860 3315 atque
877 3217 1024 3280 vicorum
1043 3217 1108 3302 pol

102 3293 265 3378 pulatione
285 3319 344 3361 nee
361 3304 526 3377 contentus
540 3299 588 3368 ‚in
599 3301 670 3382 ipsa
688 3299 860 3363 Numidiae
877 3301 983 3383 capita
1000 3302 1091 3385 impe·

102 3387 171 3439 tum
193 3378 286 3462 fecit,
308 3385 341 3450 et
362 3376 646 3466 Zamam'quid'em
667 3384 788 3447 frustra
809 3383 925 3464 adivit,
955 3393 1090 3465 ceterum

34 3540 38 3547 ¹
103 3459 408 3548 Thalam,‚-gravem
432 3465 528 3539 armis
548 3464 793 3552 thensaurisque
816 3466 930 3550 regiis,
953 3466 1089 3554 diripuit.
