2348 3818
237 127 343 175 arnna
364 125 591 175 unuonrsrss.
614 109 915 176 XXVH—XXX.
1027 114 1068 180 23

88 274 141 343 bus
159 272 244 343 inter
264 277 436 343 Caesarem
454 286 486 342 et
498 277 687 376 Pompeium
705 285 737 342 et
757 252 912 364 oppressa
931 280 1068 366 pervim

86 358 225 427 libertate
252 361 432 426 subunius
454 361 602 426 Caesaris
625 370 816 446 potestatem
836 363 966 427 redacta
994 373 1069 429 sunt

10 514 15 522 ,
82 447 194 594 iiiii&
244 445 299 553 Eur
329 467 367 509 eo
393 453 548 532 perpetua
576 445 751 510 Caesarum
778 444 937 510 dictatura
969 448 1068 513 domi-

53 672 73 728 r
101 638 108 646 “
138 657 252 724 xxx.
286 658 496 743 ¹rurrrvrr
526 658 670 723 anem
697 656 1005 722 mrrrnmrrrs.

160 769 267 857 Cyrus
288 793 348 834 rex
359 771 531 835 Persarum
550 771 672 855 primus
693 771 861 855 imperium
872 769 976 834 Medis
993 770 1091 841 ade-1

76 854 148 918 mit:
169 853 249 918 duos
269 854 354 918 filios
378 855 438 918 reli
460 856 508 918 uit
530 854 715 940 Cambysen
737 863 769 917 et
791 851 958 935 Smerden.
1000 853 1067 918 Ho-

10 950 27 1035 ι·
75 958 147 1001 rum
181 936 358 1023 Cambyses
392 938 431 1002 de
468 947 542 1002 neto
575 947 681 1022 patre,
719 938 805 1024 quod
838 938 940 1021 maior
974 946 1066 1021 esset,

10 1066 12 1077 ·
76 1018 232 1086 Smerden
261 1022 296 1084 in
319 1021 399 1086 solio
427 1021 593 1085 sedentem
611 1043 649 1084 ea
671 1022 715 1085 ite
741 1021 865 1085 eaelum
882 1020 1009 1107 pulsare
1036 1029 1067 1085 ia

10 1160 12 1167 .
42 1098 185 1169 estmoe
209 1109 310 1169 ridens
328 1105 539 1169 occidendum
562 1043 669 1193 [eumlJ
685 1106 825 1169 curavit:
852 1106 922 1190 ipse
951 1105 1067 1175 deinde

10 1190 21 1219 '
73 1196 242 1252 revertens
274 1187 315 1251 ab
346 1189 520 1275 Aethiopia
549 1189 646 1253 rebus
678 1189 699 1266 †
729 1188 899 1275 perfractis
930 1211 1003 1253 cum
1032 1190 1068 1253 in

72 1271 262 1357 Aegyptum
280 1276 433 1352 Memphin
453 1273 598 1337 venisset
617 1271 803 1357 incolasque
830 1273 897 1336 eius
919 1272 983 1336 loci
1003 1273 1067 1338 lae·

72 1363 180 1418 tantos
207 1355 414 1436 advertisset,
440 1364 529 1418 ratus
555 1355 629 1419 illos
652 1355 797 1419 adversis
820 1356 885 1418 suis
912 1356 1093 1422 insultarea

72 1437 164 1524 Apin
185 1438 219 1501 in
231 1438 349 1503 femine
367 1438 549 1502 vulneravit
570 1438 744 1524 eodemque
765 1439 832 1502 ictu
852 1438 979 1503 occidit.
1015 1439 1067 1503 In·

37 1521 171 1585 nterim
181 1543 296 1606 magus
313 1522 452 1608 quidam,
474 1520 634 1604 Smerdes,
655 1521 834 1586 Patiaithae
854 1521 967 1605 frater,
983 1522 1067 1587 abu·

70 1613 147 1668 tens
174 1606 318 1686 nomine,
347 1627 388 1669 ex
416 1605 539 1669 formae
565 1627 642 1669 suae
668 1605 877 1670 similitudine
903 1605 1005 1670 filium
1032 1629 1067 1672 se

74 1686 156 1773 cyri
174 1688 341 1774 professus
355 1710 488 1773 regnum
501 1689 667 1753 Persicum
686 1689 860 1754 invaserat.
894 1688 989 1769 Quod
1010 1687 1067 1755 ubi

71 1769 236 1856 Cambysi
250 1773 431 1836 nuntiatum
452 1781 514 1855 est,
543 1773 672 1858 regredi
693 1773 728 1836 in
745 1775 883 1860 patriam
903 1782 1067 1839 maturans

73 1852 194 1928 oblitus
221 1863 271 1919 est
296 1855 457 1940 gladium,
485 1878 547 1944 quo
569 1858 657 1944 Apin
682 1858 903 1941 interfecerat,
929 1860 1067 1944 vaginae

32 1937 227 2003 mreddere:
259 1941 345 2027 quod
372 1962 444 2004 cum
470 1951 639 2006 conaretur
668 1942 811 2023 efficere,
841 1943 949 2007 femen
976 1965 1068 2006 suum

71 2021 258 2087 vulneravit
276 2033 308 2088 et
326 2045 396 2087 earn
409 2033 541 2108 partem,
583 2047 625 2088 ua
637 2024 725 2109 Apin
742 2025 980 2090 vulneraverat.
1013 2026 1068 2088 Ex

72 2104 189 2169 eodem
201 2106 335 2171 vulnere
350 2107 385 2169 in
400 2108 511 2191 paucis
527 2107 579 2171 die
603 2128 640 2170 us
661 2107 750 2172 obiit.
793 2108 846 2172 De
860 2109 951 2172 cuius
965 2117 1092 2172 mortes

116 2196 243 2275 stquam
272 2190 389 2255 certior
421 2191 552 2253 nuntius
585 2189 627 2254 ad
656 2190 772 2254 Persas
802 2193 907 2272 venit,
947 2191 1066 2255 Otanes

60 2328 63 2335 .
101 2271 295 2359 haedymam
315 2271 414 2336 filiam
436 2295 542 2354 suam,
571 2295 708 2360 quaeum
729 2272 878 2338 Smerdes
900 2283 1066 2338 consuetu-

32 2354 183 2419 2sdinem
210 2355 364 2437 habebat,
393 2356 536 2439 edocuit,
563 2366 612 2437 ut,
640 2379 713 2420 oum
739 2357 793 2421 ille
821 2360 944 2443 sopitus
972 2367 1065 2440 esset,

70 2447 180 2502 utrum
201 2460 295 2505 aures
314 2448 414 2504 tectas
436 2440 535 2505 comis
557 2439 690 2504 haberet
710 2440 960 2526 periclitaretur;
988 2442 1067 2507 scie-

70 2520 129 2586 bat
150 2522 235 2587 enim
255 2523 322 2589 aC
365 2523 531 2589 oSmerdi
551 2546 645 2608 mago
670 2523 763 2588 adem
784 2534 835 2588 tas
856 2546 961 2589 aures.
1004 2524 1067 2591 Illa

70 2604 191 2670 falsum
212 2629 284 2673 esse
329 2608 461 2673 merden
487 2608 698 2673 confirmavit.
772 2631 834 2673 unc
863 2619 985 2695 septem
1010 2621 1092 2673 not

70 2687 224 2755 bilissimi
234 2691 355 2771 Persae
375 2694 459 2757 inter
472 2715 506 2756 se
519 2694 785 2774 coniuraverunt,
808 2715 918 2757 eorum
935 2692 1066 2755 nomina

35 2770 154 2847 ”haec
175 2783 263 2839 sunt:
292 2775 428 2859 Otanes,
449 2776 483 2838 H
507 2775 637 2857 dames,
659 2775 871 2862 Aspathines,
899 2771 1064 2861 Intapher·

68 2877 148 2936 nes,
186 2857 401 2943 Megabyzus,
432 2798 587 2943 Gobries,
624 2859 756 2924 Darius.
810 2858 938 2924 Deinde
968 2877 1064 2942 mago

69 2936 206 3005 Smerde
228 2941 400 3008 interfecto
428 2944 674 3026 constituerunt,
706 2944 754 3006 uti
775 2950 910 3028 excepto
930 2941 1064 3042 posthac

68 3021 177 3086 Otane
199 3046 242 3088 ex
261 3025 360 3103 'fillis
382 3036 542 3110 regnaret,
564 3028 654 3092 euius
678 3048 695 3091 e
717 3048 779 3090 uus
794 3027 917 3112 primus
938 3050 973 3091 rn
991 3026 1062 3090 loco

68 3126 166 3204 quem
178 3105 374 3193 delegissent
387 3109 554 3175 hinnisset.
599 3110 691 3175 Tunc
735 3107 862 3191 abares,
884 3131 982 3193 agaso
994 3109 1088 3177 Dat

30 3188 128 3268 sarri,
151 3211 268 3276 equum
283 3191 404 3257 domini
424 3193 466 3258 ad
487 3193 594 3258 locum
614 3194 812 3281 praedictum
832 3194 940 3258 duxit:
966 3194 987 3271 †
1008 3192 1063 3258 ille

67 3269 135 3335 alio
155 3272 226 3339 loeo
248 3274 439 3340 abscondet:
461 3285 537 3343 tune
558 3301 658 3365 equus
671 3278 767 3343 Darii
787 3299 939 3363 magnum
959 3277 1063 3342 hinni-

65 3363 139 3423 tum
160 3356 259 3422 dedit.
302 3357 354 3422 Ita
374 3359 495 3426 Darius
516 3384 653 3449 regnum
674 3364 825 3448 optinuit,
845 3382 865 3427 a
886 3384 948 3448 quo
969 3363 1062 3428 Arta·
