<?xml version="1.0" encoding="UTF-8"?>
<!DOCTYPE html PUBLIC "-//W3C//DTD XHTML 1.0 Transitional//EN"
    "http://www.w3.org/TR/xhtml1/DTD/xhtml1-transitional.dtd">
<html xmlns="http://www.w3.org/1999/xhtml" xml:lang="en" lang="en">
 <head>
  <title>
</title>
<meta http-equiv="Content-Type" content="text/html;charset=utf-8" />
  <meta name='ocr-system' content='tesseract 3.04.00' />
  <meta name='ocr-capabilities' content='ocr_page ocr_carea ocr_par ocr_line ocrx_word'/>
</head>
<body>
  <div class='ocr_page' id='page_1' title='image "./iulifloriepitom00halmgoog_0072.png"; bbox 0 0 2356 3818; ppageno 0'>
   <div class='ocr_carea' id='block_1_1' title="bbox 418 202 1110 325">
    <p class='ocr_par' dir='ltr' id='par_1_1' title="bbox 418 202 1110 325">
     <span class='ocr_line' id='line_1_1' title="bbox 418 202 1110 325; baseline 0.003 -35"><span class='ocrx_word' id='word_1_1' title='bbox 418 202 765 315; x_wconf 66' lang='grc'>1111111111111.</span> <span class='ocrx_word' id='word_1_2' title='bbox 831 226 838 234; x_wconf 63' lang='grc'><strong>“</strong></span> <span class='ocrx_word' id='word_1_3' title='bbox 1050 231 1110 325; x_wconf 78' lang='grc'>11</span> 
     </span>
    </p>
   </div>
   <div class='ocr_carea' id='block_1_2' title="bbox 55 393 1165 3575">
    <p class='ocr_par' dir='ltr' id='par_1_2' title="bbox 69 393 1110 898">
     <span class='ocr_line' id='line_1_2' title="bbox 92 393 1090 481; baseline -0.007 -16"><span class='ocrx_word' id='word_1_4' title='bbox 92 401 131 465; x_wconf 87' lang='lat' dir='ltr'>in</span> <span class='ocrx_word' id='word_1_5' title='bbox 151 395 272 461; x_wconf 90' lang='lat' dir='ltr'>tumulo</span> <span class='ocrx_word' id='word_1_6' title='bbox 291 402 369 480; x_wconf 87' lang='lat' dir='ltr'>aput</span> <span class='ocrx_word' id='word_1_7' title='bbox 387 394 507 459; x_wconf 87' lang='lat' dir='ltr'>flumen</span> <span class='ocrx_word' id='word_1_8' title='bbox 530 400 655 458; x_wconf 79' lang='lat' dir='ltr'>Durium</span> <span class='ocrx_word' id='word_1_9' title='bbox 679 397 755 477; x_wconf 88' lang='lat' dir='ltr'>sita,</span> <span class='ocrx_word' id='word_1_10' title='bbox 786 403 934 481; x_wconf 81' lang='lat' dir='ltr'>quattuor</span> <span class='ocrx_word' id='word_1_11' title='bbox 961 393 1090 458; x_wconf 87' lang='lat' dir='ltr'>milibus</span> 
     </span>
     <span class='ocr_line' id='line_1_3' title="bbox 94 478 1090 564; baseline -0.007 -16"><span class='ocrx_word' id='word_1_12' title='bbox 94 480 333 560; x_wconf 75' lang='lat' dir='ltr'>Celtiberorum</span> <span class='ocrx_word' id='word_1_13' title='bbox 356 478 570 564; x_wconf 89' lang='lat' dir='ltr'>quadraginta</span> <span class='ocrx_word' id='word_1_14' title='bbox 593 480 769 542; x_wconf 86' lang='lat' dir='ltr'>exercitum</span> <span class='ocrx_word' id='word_1_15' title='bbox 789 501 848 564; x_wconf 89' lang='lat' dir='ltr'>per</span> <span class='ocrx_word' id='word_1_16' title='bbox 868 500 968 542; x_wconf 90' lang='lat' dir='ltr'>annos</span> <span class='ocrx_word' id='word_1_17' title='bbox 992 479 1090 542; x_wconf 91' lang='lat' dir='ltr'>undc-</span> 
     </span>
     <span class='ocr_line' id='line_1_4' title="bbox 93 560 1091 644; baseline -0.006 -14"><span class='ocrx_word' id='word_1_18' title='bbox 93 567 160 630; x_wconf 89' lang='lat' dir='ltr'>oim</span> <span class='ocrx_word' id='word_1_19' title='bbox 180 562 249 627; x_wconf 91' lang='lat' dir='ltr'>sola</span> <span class='ocrx_word' id='word_1_20' title='bbox 265 564 425 644; x_wconf 78' lang='lat' dir='ltr'><strong>sustinuit,</strong></span> <span class='ocrx_word' id='word_1_21' title='bbox 442 560 503 624; x_wconf 85' lang='lat' dir='ltr'>hec</span> <span class='ocrx_word' id='word_1_22' title='bbox 521 563 672 626; x_wconf 79' lang='lat' dir='ltr'>sustinuit</span> <span class='ocrx_word' id='word_1_23' title='bbox 690 562 784 627; x_wconf 93' lang='lat' dir='ltr'>modo</span> <span class='ocrx_word' id='word_1_24' title='bbox 816 562 874 626; x_wconf 88' lang='lat' dir='ltr'>sed</span> <span class='ocrx_word' id='word_1_25' title='bbox 892 563 1019 625; x_wconf 87' lang='lat' dir='ltr'>saevius</span> <span class='ocrx_word' id='word_1_26' title='bbox 1035 561 1091 624; x_wconf 89' lang='lat' dir='ltr'>ali-</span> 
     </span>
     <span class='ocr_line' id='line_1_5' title="bbox 94 611 1110 744; baseline -0.003 -33"><span class='ocrx_word' id='word_1_27' title='bbox 94 646 224 736; x_wconf 91' lang='lat' dir='ltr'>quando</span> <span class='ocrx_word' id='word_1_28' title='bbox 253 646 390 730; x_wconf 90' lang='lat' dir='ltr'>perculit</span> <span class='ocrx_word' id='word_1_29' title='bbox 413 643 639 744; x_wconf 75' lang='lat' dir='ltr'>pudendisque</span> <span class='ocrx_word' id='word_1_30' title='bbox 660 611 844 710; x_wconf 66' lang='lat' dir='ltr'>foederilrus</span> <span class='ocrx_word' id='word_1_31' title='bbox 865 645 995 709; x_wconf 83' lang='lat' dir='ltr'>adfecit.</span> <span class='ocrx_word' id='word_1_32' title='bbox 1036 666 1110 723; x_wconf 20' lang='lat' dir='ltr'>no-,</span> 
     </span>
     <span class='ocr_line' id='line_1_6' title="bbox 69 729 1091 815; baseline -0.005 -18"><span class='ocrx_word' id='word_1_33' title='bbox 69 731 238 811; x_wconf 83' lang='lat' dir='ltr'>svissime,</span> <span class='ocrx_word' id='word_1_34' title='bbox 261 751 332 793; x_wconf 88' lang='lat' dir='ltr'>cum</span> <span class='ocrx_word' id='word_1_35' title='bbox 353 730 507 793; x_wconf 78' lang='lat' dir='ltr'>inmotam</span> <span class='ocrx_word' id='word_1_36' title='bbox 530 751 601 794; x_wconf 86' lang='lat' dir='ltr'>esse</span> <span class='ocrx_word' id='word_1_37' title='bbox 622 738 791 810; x_wconf 88' lang='lat' dir='ltr'>constaret,</span> <span class='ocrx_word' id='word_1_38' title='bbox 809 752 888 815; x_wconf 89' lang='lat' dir='ltr'>opus</span> <span class='ocrx_word' id='word_1_39' title='bbox 907 729 969 793; x_wconf 85' lang='lat' dir='ltr'>fuit</span> <span class='ocrx_word' id='word_1_40' title='bbox 984 750 1021 793; x_wconf 92' lang='lat' dir='ltr'>eo</span> <span class='ocrx_word' id='word_1_41' title='bbox 1037 730 1091 815; x_wconf 88' lang='lat' dir='ltr'>qui</span> 
     </span>
     <span class='ocr_line' id='line_1_7' title="bbox 95 812 1037 898; baseline -0.007 -16"><span class='ocrx_word' id='word_1_42' title='bbox 95 812 328 898; x_wconf 80' lang='lat' dir='ltr'>Carthaginem</span> <span class='ocrx_word' id='word_1_43' title='bbox 350 821 519 876; x_wconf 78' lang='lat' dir='ltr'>everterat.</span> <span class='ocrx_word' id='word_1_44' title='bbox 735 837 751 869; x_wconf 65' lang='lat' dir='ltr'><em>x</em></span> <span class='ocrx_word' id='word_1_45' title='bbox 1034 844 1037 849; x_wconf 57' lang='lat'>&lt;</span> 
     </span>
    </p>

    <p class='ocr_par' dir='ltr' id='par_1_3' title="bbox 92 895 1119 1150">
     <span class='ocr_line' id='line_1_8' title="bbox 179 895 1119 979; baseline -0.005 -19"><span class='ocrx_word' id='word_1_46' title='bbox 179 896 254 960; x_wconf 83' lang='lat' dir='ltr'>Non</span> <span class='ocrx_word' id='word_1_47' title='bbox 272 905 407 977; x_wconf 88' lang='lat' dir='ltr'>temere,</span> <span class='ocrx_word' id='word_1_48' title='bbox 430 897 458 960; x_wconf 92' lang='grc'>11</span> <span class='ocrx_word' id='word_1_49' title='bbox 478 895 576 960; x_wconf 86' lang='lat' dir='ltr'>fateri</span> <span class='ocrx_word' id='word_1_50' title='bbox 597 897 686 979; x_wconf 89' lang='lat' dir='ltr'>licet,</span> <span class='ocrx_word' id='word_1_51' title='bbox 709 898 808 961; x_wconf 91' lang='lat' dir='ltr'>ullius</span> <span class='ocrx_word' id='word_1_52' title='bbox 825 917 923 960; x_wconf 88' lang='lat' dir='ltr'>causa</span> <span class='ocrx_word' id='word_1_53' title='bbox 945 895 1024 960; x_wconf 88' lang='lat' dir='ltr'>belli</span> <span class='ocrx_word' id='word_1_54' title='bbox 1046 898 1119 959; x_wconf 77' lang='grc'>1113</span> 
     </span>
     <span class='ocr_line' id='line_1_9' title="bbox 92 979 1092 1065; baseline -0.004 -18"><span class='ocrx_word' id='word_1_55' title='bbox 92 982 219 1053; x_wconf 85' lang='lat' dir='ltr'>iustior.</span> <span class='ocrx_word' id='word_1_56' title='bbox 246 979 448 1063; x_wconf 84' lang='lat' dir='ltr'>Segidens&#39;es,</span> <span class='ocrx_word' id='word_1_57' title='bbox 467 981 570 1045; x_wconf 91' lang='lat' dir='ltr'>socios</span> <span class='ocrx_word' id='word_1_58' title='bbox 593 989 624 1044; x_wconf 86' lang='lat' dir='ltr'>et</span> <span class='ocrx_word' id='word_1_59' title='bbox 645 982 899 1065; x_wconf 87' lang='lat' dir='ltr'>consanguineos</span> <span class='ocrx_word' id='word_1_60' title='bbox 918 1001 1008 1060; x_wconf 88' lang='lat' dir='ltr'>snos,</span> <span class='ocrx_word' id='word_1_61' title='bbox 1030 981 1092 1044; x_wconf 86' lang='lat' dir='ltr'>Ro·</span> 
     </span>
     <span class='ocr_line' id='line_1_10' title="bbox 94 1062 1118 1150; baseline -0.003 -22"><span class='ocrx_word' id='word_1_62' title='bbox 94 1084 264 1129; x_wconf 89' lang='lat' dir='ltr'>manorum</span> <span class='ocrx_word' id='word_1_63' title='bbox 277 1062 424 1126; x_wconf 86' lang='lat' dir='ltr'>manibus</span> <span class='ocrx_word' id='word_1_64' title='bbox 442 1063 578 1150; x_wconf 88' lang='lat' dir='ltr'>elapsos,</span> <span class='ocrx_word' id='word_1_65' title='bbox 601 1086 693 1129; x_wconf 80' lang='lat' dir='ltr'>susce</span> <span class='ocrx_word' id='word_1_66' title='bbox 717 1074 817 1129; x_wconf 86' lang='lat' dir='ltr'>erant.</span> <span class='ocrx_word' id='word_1_67' title='bbox 840 1064 951 1128; x_wconf 88' lang='lat' dir='ltr'>habita</span> <span class='ocrx_word' id='word_1_68' title='bbox 969 1084 1027 1149; x_wconf 91' lang='lat' dir='ltr'>pro</span> <span class='ocrx_word' id='word_1_69' title='bbox 1042 1064 1118 1126; x_wconf 72' lang='lat' dir='ltr'>hisl</span> 
     </span>
    </p>

    <p class='ocr_par' dir='ltr' id='par_1_4' title="bbox 56 1088 1154 1567">
     <span class='ocr_line' id='line_1_11' title="bbox 56 1088 1092 1234; baseline 0.003 -28"><span class='ocrx_word' id='word_1_70' title='bbox 56 1166 86 1207; x_wconf 87' lang='lat'>10</span> <span class='ocrx_word' id='word_1_71' title='bbox 98 1148 282 1234; x_wconf 78' lang='lat' dir='ltr'>deprecatio</span> <span class='ocrx_word' id='word_1_72' title='bbox 300 1146 381 1230; x_wconf 84' lang='lat' dir='ltr'>nihil</span> <span class='ocrx_word' id='word_1_73' title='bbox 397 1146 509 1211; x_wconf 88' lang='lat' dir='ltr'>valuit.</span> <span class='ocrx_word' id='word_1_74' title='bbox 541 1170 613 1211; x_wconf 92' lang='lat' dir='ltr'>cum</span> <span class='ocrx_word' id='word_1_75' title='bbox 628 1170 662 1212; x_wconf 90' lang='lat' dir='ltr'>se</span> <span class='ocrx_word' id='word_1_76' title='bbox 681 1088 721 1212; x_wconf 72' lang='lat' dir='ltr'>dd</span> <span class='ocrx_word' id='word_1_77' title='bbox 741 1151 828 1212; x_wconf 89' lang='lat' dir='ltr'>omni</span> <span class='ocrx_word' id='word_1_78' title='bbox 844 1148 1003 1212; x_wconf 88' lang='lat' dir='ltr'>bellorum</span> <span class='ocrx_word' id='word_1_79' title='bbox 1020 1169 1092 1210; x_wconf 89' lang='lat' dir='ltr'>con-</span> 
     </span>
     <span class='ocr_line' id='line_1_12' title="bbox 94 1230 1094 1317; baseline -0.002 -22"><span class='ocrx_word' id='word_1_80' title='bbox 94 1233 228 1317; x_wconf 72' lang='lat' dir='ltr'>tagione</span> <span class='ocrx_word' id='word_1_81' title='bbox 248 1239 459 1312; x_wconf 80' lang='lat' dir='ltr'>removerent,</span> <span class='ocrx_word' id='word_1_82' title='bbox 479 1232 521 1314; x_wconf 90' lang='lat' dir='ltr'>in</span> <span class='ocrx_word' id='word_1_83' title='bbox 537 1231 673 1316; x_wconf 82' lang='lat' dir='ltr'>legitimi</span> <span class='ocrx_word' id='word_1_84' title='bbox 694 1232 834 1296; x_wconf 80' lang='lat' dir='ltr'>foederis</span> <span class='ocrx_word' id='word_1_85' title='bbox 855 1233 993 1317; x_wconf 86' lang='lat' dir='ltr'>pretimn</span> <span class='ocrx_word' id='word_1_86' title='bbox 1014 1230 1094 1294; x_wconf 87' lang='grc'>111111</span> 
     </span>
     <span class='ocr_line' id='line_1_13' title="bbox 96 1310 1093 1401; baseline -0.003 -21"><span class='ocrx_word' id='word_1_87' title='bbox 96 1335 188 1380; x_wconf 85' lang='lat' dir='ltr'>arma</span> <span class='ocrx_word' id='word_1_88' title='bbox 208 1315 230 1381; x_wconf 96' lang='lat' dir='ltr'>d</span> <span class='ocrx_word' id='word_1_89' title='bbox 272 1335 379 1378; x_wconf 86' lang='lat' dir='ltr'>onere.</span> <span class='ocrx_word' id='word_1_90' title='bbox 415 1312 477 1378; x_wconf 90' lang='lat' dir='ltr'>hoc</span> <span class='ocrx_word' id='word_1_91' title='bbox 504 1316 550 1378; x_wconf 91' lang='lat' dir='ltr'>sic</span> <span class='ocrx_word' id='word_1_92' title='bbox 574 1337 594 1378; x_wconf 88' lang='lat' dir='ltr'>a</span> <span class='ocrx_word' id='word_1_93' title='bbox 615 1315 762 1393; x_wconf 82' lang='lat' dir='ltr'>barbaris</span> <span class='ocrx_word' id='word_1_94' title='bbox 788 1325 969 1401; x_wconf 88' lang='lat' dir='ltr'>acceptum,</span> <span class='ocrx_word' id='word_1_95' title='bbox 1001 1310 1093 1400; x_wconf 70' lang='lat' dir='ltr'>&#39;epitasi</span> 
     </span>
     <span class='ocr_line' id='line_1_14' title="bbox 95 1397 1154 1484; baseline -0.001 -20"><span class='ocrx_word' id='word_1_96' title='bbox 95 1416 247 1464; x_wconf 86' lang='lat' dir='ltr'>manusa</span> <span class='ocrx_word' id='word_1_97' title='bbox 270 1397 479 1462; x_wconf 80' lang='lat' dir='ltr'>sciderantur.</span> <span class='ocrx_word' id='word_1_98' title='bbox 511 1399 619 1484; x_wconf 88' lang='lat' dir='ltr'>itaque</span> <span class='ocrx_word' id='word_1_99' title='bbox 637 1401 744 1462; x_wconf 89' lang='lat' dir='ltr'>statim</span> <span class='ocrx_word' id='word_1_100' title='bbox 761 1399 969 1483; x_wconf 84' lang='lat' dir='ltr'>Megaravico</span> <span class='ocrx_word' id='word_1_101' title='bbox 987 1398 1093 1463; x_wconf 85' lang='lat' dir='ltr'>fortis-</span> <span class='ocrx_word' id='word_1_102' title='bbox 1152 1412 1154 1419; x_wconf 70' lang='grc'><strong>“</strong></span> 
     </span>
     <span class='ocr_line' id='line_1_15' title="bbox 97 1481 1093 1567; baseline -0.001 -20"><span class='ocrx_word' id='word_1_103' title='bbox 97 1485 179 1547; x_wconf 86' lang='lat' dir='ltr'>simo</span> <span class='ocrx_word' id='word_1_104' title='bbox 202 1481 290 1547; x_wconf 86' lang='lat' dir='ltr'>duoe-</span> <span class='ocrx_word' id='word_1_105' title='bbox 311 1481 353 1545; x_wconf 91' lang='lat' dir='ltr'>ad</span> <span class='ocrx_word' id='word_1_106' title='bbox 373 1502 463 1544; x_wconf 89' lang='lat' dir='ltr'>arma</span> <span class='ocrx_word' id='word_1_107' title='bbox 490 1483 648 1545; x_wconf 88' lang='lat' dir='ltr'>conversi.</span> <span class='ocrx_word' id='word_1_108' title='bbox 684 1483 873 1567; x_wconf 90' lang='lat' dir='ltr'>Pompeium</span> <span class='ocrx_word' id='word_1_109' title='bbox 917 1481 1017 1546; x_wconf 87' lang='lat' dir='ltr'>roelio</span> <span class='ocrx_word' id='word_1_110' title='bbox 1038 1482 1093 1546; x_wconf 89' lang='lat' dir='ltr'>ad-</span> 
     </span>
    </p>

    <p class='ocr_par' dir='ltr' id='par_1_5' title="bbox 55 1504 1143 1987">
     <span class='ocr_line' id='line_1_16' title="bbox 55 1504 1094 1651; baseline -0.003 -21"><span class='ocrx_word' id='word_1_111' title='bbox 55 1570 88 1638; x_wconf 70' lang='lat'>‘15</span> <span class='ocrx_word' id='word_1_112' title='bbox 98 1567 212 1651; x_wconf 84' lang='lat' dir='ltr'>gressi,</span> <span class='ocrx_word' id='word_1_113' title='bbox 232 1565 344 1630; x_wconf 87' lang='lat' dir='ltr'>foedus</span> <span class='ocrx_word' id='word_1_114' title='bbox 364 1573 471 1628; x_wconf 88' lang='lat' dir='ltr'>tamen</span> <span class='ocrx_word' id='word_1_115' title='bbox 492 1566 681 1648; x_wconf 83' lang='lat' dir='ltr'>maluerunt,</span> <span class='ocrx_word' id='word_1_116' title='bbox 704 1588 776 1630; x_wconf 90' lang='lat' dir='ltr'>cum</span> <span class='ocrx_word' id='word_1_117' title='bbox 799 1504 961 1628; x_wconf 67' lang='lat' dir='ltr'>debellare</span> <span class='ocrx_word' id='word_1_118' title='bbox 974 1567 1094 1650; x_wconf 90' lang='lat' dir='ltr'>potuis-</span> 
     </span>
     <span class='ocr_line' id='line_1_17' title="bbox 98 1644 1119 1748; baseline -0.006 -34"><span class='ocrx_word' id='word_1_119' title='bbox 98 1659 186 1732; x_wconf 69' lang='lat' dir='ltr'>sent,</span> <span class='ocrx_word' id='word_1_120' title='bbox 208 1644 383 1714; x_wconf 84' lang='lat' dir='ltr'>Hostilium</span> <span class='ocrx_word' id='word_1_121' title='bbox 402 1648 519 1712; x_wconf 90' lang='lat' dir='ltr'>deinde</span> <span class='ocrx_word' id='word_1_122' title='bbox 540 1646 741 1714; x_wconf 80' lang='lat' dir='ltr'>Mancinum:</span> <span class='ocrx_word' id='word_1_123' title='bbox 762 1649 848 1712; x_wconf 93' lang='lat' dir='ltr'>hunc</span> <span class='ocrx_word' id='word_1_124' title='bbox 870 1669 994 1748; x_wconf 77' lang='lat' dir='ltr'>quoque</span> <span class='ocrx_word' id='word_1_125' title='bbox 1010 1648 1119 1711; x_wconf 83' lang='lat' dir='ltr'>adsi-5</span> 
     </span>
     <span class='ocr_line' id='line_1_18' title="bbox 98 1732 1143 1818; baseline -0.003 -21"><span class='ocrx_word' id='word_1_126' title='bbox 98 1734 172 1798; x_wconf 89' lang='lat' dir='ltr'>duis</span> <span class='ocrx_word' id='word_1_127' title='bbox 189 1732 340 1797; x_wconf 89' lang='lat' dir='ltr'>caedibus</span> <span class='ocrx_word' id='word_1_128' title='bbox 358 1733 404 1797; x_wconf 89' lang='lat' dir='ltr'>ita</span> <span class='ocrx_word' id='word_1_129' title='bbox 420 1732 626 1817; x_wconf 88' lang='lat' dir='ltr'>subegerunt,</span> <span class='ocrx_word' id='word_1_130' title='bbox 648 1741 684 1797; x_wconf 91' lang='lat' dir='ltr'>ut</span> <span class='ocrx_word' id='word_1_131' title='bbox 703 1755 744 1797; x_wconf 91' lang='lat' dir='ltr'>ne</span> <span class='ocrx_word' id='word_1_132' title='bbox 767 1732 875 1797; x_wconf 89' lang='lat' dir='ltr'>oculos</span> <span class='ocrx_word' id='word_1_133' title='bbox 893 1732 1022 1818; x_wconf 78' lang='lat' dir='ltr'>quidem</span> <span class='ocrx_word' id='word_1_134' title='bbox 1040 1741 1095 1795; x_wconf 89' lang='lat' dir='ltr'>aut</span> <span class='ocrx_word' id='word_1_135' title='bbox 1140 1765 1143 1769; x_wconf 96' lang='lat'>·</span> 
     </span>
     <span class='ocr_line' id='line_1_19' title="bbox 96 1816 1119 1902; baseline -0.002 -20"><span class='ocrx_word' id='word_1_136' title='bbox 96 1825 212 1882; x_wconf 68' lang='lat' dir='ltr'>docem</span> <span class='ocrx_word' id='word_1_137' title='bbox 225 1816 414 1880; x_wconf 87' lang='lat' dir='ltr'>Numantini</span> <span class='ocrx_word' id='word_1_138' title='bbox 430 1818 493 1880; x_wconf 90' lang='lat' dir='ltr'>viri</span> <span class='ocrx_word' id='word_1_139' title='bbox 531 1818 679 1902; x_wconf 90' lang='lat' dir='ltr'>uisquam</span> <span class='ocrx_word' id='word_1_140' title='bbox 697 1819 878 1881; x_wconf 80' lang='lat' dir='ltr'>sustineret.</span> <span class='ocrx_word' id='word_1_141' title='bbox 900 1817 1119 1880; x_wconf 76' lang='grc'>111111111111116</span> 
     </span>
     <span class='ocr_line' id='line_1_20' title="bbox 97 1840 1133 1987; baseline -0.004 -22"><span class='ocrx_word' id='word_1_142' title='bbox 97 1901 161 1965; x_wconf 88' lang='lat' dir='ltr'>hoc</span> <span class='ocrx_word' id='word_1_143' title='bbox 182 1922 308 1987; x_wconf 90' lang='lat' dir='ltr'>quoqne</span> <span class='ocrx_word' id='word_1_144' title='bbox 329 1899 443 1964; x_wconf 88' lang='lat' dir='ltr'>foedus</span> <span class='ocrx_word' id='word_1_145' title='bbox 464 1840 615 1984; x_wconf 71' lang='lat' dir='ltr'>maduere,</span> <span class='ocrx_word' id='word_1_146' title='bbox 639 1904 781 1966; x_wconf 87' lang='lat' dir='ltr'>contenti</span> <span class='ocrx_word' id='word_1_147' title='bbox 803 1923 963 1965; x_wconf 88' lang='lat' dir='ltr'>armorum</span> <span class='ocrx_word' id='word_1_148' title='bbox 985 1921 1093 1972; x_wconf 87' lang='lat' dir='ltr'>manu·</span> <span class='ocrx_word' id='word_1_149' title='bbox 1128 1947 1133 1953; x_wconf 92' lang='lat'>.</span> 
     </span>
    </p>

    <p class='ocr_par' dir='ltr' id='par_1_6' title="bbox 58 1983 1120 2237">
     <span class='ocr_line' id='line_1_21' title="bbox 58 1983 1120 2072; baseline -0.005 -21"><span class='ocrx_word' id='word_1_150' title='bbox 58 1985 174 2067; x_wconf 74' lang='lat' dir='ltr'>robiis,</span> <span class='ocrx_word' id='word_1_151' title='bbox 194 2005 265 2048; x_wconf 88' lang='lat' dir='ltr'>cum</span> <span class='ocrx_word' id='word_1_152' title='bbox 283 1983 325 2048; x_wconf 86' lang='lat' dir='ltr'>ad</span> <span class='ocrx_word' id='word_1_153' title='bbox 343 1984 586 2048; x_wconf 88' lang='lat' dir='ltr'>internicionem</span> <span class='ocrx_word' id='word_1_154' title='bbox 603 1988 729 2050; x_wconf 82' lang='lat' dir='ltr'>saevire</span> <span class='ocrx_word' id='word_1_155' title='bbox 748 1987 938 2072; x_wconf 87' lang='lat' dir='ltr'>potuissent.</span> <span class='ocrx_word' id='word_1_156' title='bbox 960 1984 1018 2048; x_wconf 85' lang='lat' dir='ltr'>sed</span> <span class='ocrx_word' id='word_1_157' title='bbox 1030 1992 1120 2046; x_wconf 86' lang='lat' dir='ltr'>non7</span> 
     </span>
     <span class='ocr_line' id='line_1_22' title="bbox 97 2067 1104 2152; baseline -0.003 -20"><span class='ocrx_word' id='word_1_158' title='bbox 97 2069 204 2152; x_wconf 86' lang='lat' dir='ltr'>minus</span> <span class='ocrx_word' id='word_1_159' title='bbox 220 2067 408 2131; x_wconf 87' lang='lat' dir='ltr'>Numantini</span> <span class='ocrx_word' id='word_1_160' title='bbox 426 2090 521 2152; x_wconf 91' lang='lat' dir='ltr'>quam</span> <span class='ocrx_word' id='word_1_161' title='bbox 541 2067 680 2133; x_wconf 79' lang='lat' dir='ltr'>Caudini</span> <span class='ocrx_word' id='word_1_162' title='bbox 696 2069 783 2133; x_wconf 91' lang='lat' dir='ltr'>illius</span> <span class='ocrx_word' id='word_1_163' title='bbox 798 2069 939 2134; x_wconf 87' lang='lat' dir='ltr'>foederis</span> <span class='ocrx_word' id='word_1_164' title='bbox 955 2067 1104 2152; x_wconf 79' lang='lat' dir='ltr'>flagrans¹</span> 
     </span>
     <span class='ocr_line' id='line_1_23' title="bbox 98 2151 1094 2237; baseline -0.004 -20"><span class='ocrx_word' id='word_1_165' title='bbox 98 2154 110 2217; x_wconf 88' lang='lat' dir='ltr'>i</span> <span class='ocrx_word' id='word_1_166' title='bbox 135 2153 277 2218; x_wconf 89' lang='lat' dir='ltr'>nominia</span> <span class='ocrx_word' id='word_1_167' title='bbox 297 2160 353 2215; x_wconf 88' lang='grc'>1111</span> <span class='ocrx_word' id='word_1_168' title='bbox 364 2151 493 2237; x_wconf 89' lang='lat' dir='ltr'>pudore</span> <span class='ocrx_word' id='word_1_169' title='bbox 514 2152 652 2237; x_wconf 89' lang='lat' dir='ltr'>populus</span> <span class='ocrx_word' id='word_1_170' title='bbox 669 2153 842 2234; x_wconf 88' lang='lat' dir='ltr'>Romanus,</span> <span class='ocrx_word' id='word_1_171' title='bbox 866 2152 1005 2215; x_wconf 85' lang='lat' dir='ltr'>dedecus</span> <span class='ocrx_word' id='word_1_172' title='bbox 1027 2153 1094 2236; x_wconf 90' lang='lat' dir='ltr'>qui-</span> 
     </span>
    </p>

    <p class='ocr_par' dir='ltr' id='par_1_7' title="bbox 60 2235 1165 3240">
     <span class='ocr_line' id='line_1_24' title="bbox 122 2235 1119 2320; baseline -0.001 -22"><span class='ocrx_word' id='word_1_173' title='bbox 122 2257 175 2298; x_wconf 90' lang='lat' dir='ltr'>em</span> <span class='ocrx_word' id='word_1_174' title='bbox 188 2236 366 2320; x_wconf 88' lang='lat' dir='ltr'>praesentis</span> <span class='ocrx_word' id='word_1_175' title='bbox 388 2235 504 2318; x_wconf 86' lang='lat' dir='ltr'>flagitii</span> <span class='ocrx_word' id='word_1_176' title='bbox 525 2235 687 2299; x_wconf 88' lang='lat' dir='ltr'>deditione</span> <span class='ocrx_word' id='word_1_177' title='bbox 701 2237 845 2298; x_wconf 82' lang='lat' dir='ltr'>Mancini</span> <span class='ocrx_word' id='word_1_178' title='bbox 868 2256 885 2298; x_wconf 90' lang='lat' dir='ltr'>e</span> <span class='ocrx_word' id='word_1_179' title='bbox 932 2236 1020 2313; x_wconf 84' lang='lat' dir='ltr'>iavit,</span> <span class='ocrx_word' id='word_1_180' title='bbox 1043 2247 1119 2297; x_wconf 88' lang='lat' dir='ltr'>ce-8</span> 
     </span>
     <span class='ocr_line' id='line_1_25' title="bbox 95 2316 1095 2403; baseline -0.004 -20"><span class='ocrx_word' id='word_1_181' title='bbox 95 2328 204 2392; x_wconf 81' lang='lat' dir='ltr'>terum</span> <span class='ocrx_word' id='word_1_182' title='bbox 215 2318 295 2383; x_wconf 89' lang='lat' dir='ltr'>duce</span> <span class='ocrx_word' id='word_1_183' title='bbox 308 2317 466 2403; x_wconf 84' lang='lat' dir='ltr'>Scipione,</span> <span class='ocrx_word' id='word_1_184' title='bbox 486 2318 692 2403; x_wconf 80' lang='lat' dir='ltr'>Carthaginis</span> <span class='ocrx_word' id='word_1_185' title='bbox 707 2319 864 2382; x_wconf 89' lang='lat' dir='ltr'>incendiis</span> <span class='ocrx_word' id='word_1_186' title='bbox 881 2339 900 2380; x_wconf 89' lang='lat' dir='ltr'>a</span> <span class='ocrx_word' id='word_1_187' title='bbox 934 2316 1095 2381; x_wconf 81' lang='lat' dir='ltr'>excidium</span> 
     </span>
     <span class='ocr_line' id='line_1_26' title="bbox 61 2400 1140 2482; baseline -0.001 -18"><span class='ocrx_word' id='word_1_188' title='bbox 61 2401 231 2467; x_wconf 62' lang='lat' dir='ltr'>sturbium</span> <span class='ocrx_word' id='word_1_189' title='bbox 252 2401 379 2482; x_wconf 87' lang='lat' dir='ltr'>inbuto,</span> <span class='ocrx_word' id='word_1_190' title='bbox 407 2402 538 2466; x_wconf 88' lang='lat' dir='ltr'>tandem</span> <span class='ocrx_word' id='word_1_191' title='bbox 561 2405 657 2465; x_wconf 88' lang='lat' dir='ltr'>etiam</span> <span class='ocrx_word' id='word_1_192' title='bbox 679 2404 714 2466; x_wconf 93' lang='lat' dir='ltr'>in</span> <span class='ocrx_word' id='word_1_193' title='bbox 734 2402 889 2467; x_wconf 89' lang='lat' dir='ltr'>ultionem</span> <span class='ocrx_word' id='word_1_194' title='bbox 912 2400 1094 2465; x_wconf 85' lang='lat' dir='ltr'>excanduit.</span> <span class='ocrx_word' id='word_1_195' title='bbox 1139 2429 1140 2433; x_wconf 41' lang='lat'>¹</span> 
     </span>
     <span class='ocr_line' id='line_1_27' title="bbox 100 2485 1121 2572; baseline 0.001 -22"><span class='ocrx_word' id='word_1_196' title='bbox 100 2485 244 2550; x_wconf 90' lang='lat' dir='ltr'>sedtum</span> <span class='ocrx_word' id='word_1_197' title='bbox 264 2487 370 2549; x_wconf 89' lang='lat' dir='ltr'>acrius</span> <span class='ocrx_word' id='word_1_198' title='bbox 392 2487 427 2550; x_wconf 92' lang='lat' dir='ltr'>in</span> <span class='ocrx_word' id='word_1_199' title='bbox 449 2488 562 2549; x_wconf 88' lang='lat' dir='ltr'>eastris</span> <span class='ocrx_word' id='word_1_200' title='bbox 585 2508 680 2572; x_wconf 87' lang='lat' dir='ltr'>quam</span> <span class='ocrx_word' id='word_1_201' title='bbox 698 2489 732 2550; x_wconf 93' lang='lat' dir='ltr'>in</span> <span class='ocrx_word' id='word_1_202' title='bbox 754 2508 875 2572; x_wconf 86' lang='lat' dir='ltr'>campo,</span> <span class='ocrx_word' id='word_1_203' title='bbox 896 2494 1007 2549; x_wconf 89' lang='lat' dir='ltr'>nostro</span> <span class='ocrx_word' id='word_1_204' title='bbox 1024 2501 1121 2551; x_wconf 73' lang='lat' dir='ltr'>cums</span> 
     </span>
     <span class='ocr_line' id='line_1_28' title="bbox 98 2567 1139 2655; baseline -0.001 -22"><span class='ocrx_word' id='word_1_205' title='bbox 98 2567 203 2633; x_wconf 87' lang='lat' dir='ltr'>milite</span> <span class='ocrx_word' id='word_1_206' title='bbox 220 2578 315 2655; x_wconf 81' lang='lat' dir='ltr'>quam</span> <span class='ocrx_word' id='word_1_207' title='bbox 332 2591 404 2633; x_wconf 92' lang='lat' dir='ltr'>cum</span> <span class='ocrx_word' id='word_1_208' title='bbox 424 2568 620 2634; x_wconf 87' lang='lat' dir='ltr'>Numantino</span> <span class='ocrx_word' id='word_1_209' title='bbox 642 2571 865 2655; x_wconf 87' lang='lat' dir='ltr'>proeliandum</span> <span class='ocrx_word' id='word_1_210' title='bbox 882 2570 953 2634; x_wconf 85' lang='lat' dir='ltr'>fuit.</span> <span class='ocrx_word' id='word_1_211' title='bbox 977 2572 1094 2654; x_wconf 83' lang='lat' dir='ltr'>quippe</span> <span class='ocrx_word' id='word_1_212' title='bbox 1107 2582 1139 2632; x_wconf 85' lang='lat'>10</span> 
     </span>
     <span class='ocr_line' id='line_1_29' title="bbox 99 2651 1096 2740; baseline -0.004 -23"><span class='ocrx_word' id='word_1_213' title='bbox 99 2651 245 2717; x_wconf 83' lang='lat' dir='ltr'>adsiduis</span> <span class='ocrx_word' id='word_1_214' title='bbox 268 2663 299 2716; x_wconf 92' lang='grc'>11</span> <span class='ocrx_word' id='word_1_215' title='bbox 319 2654 446 2717; x_wconf 88' lang='lat' dir='ltr'>iniustis</span> <span class='ocrx_word' id='word_1_216' title='bbox 469 2663 500 2717; x_wconf 91' lang='lat' dir='ltr'>et</span> <span class='ocrx_word' id='word_1_217' title='bbox 522 2654 694 2722; x_wconf 81' lang='lat' dir='ltr'>servilibus</span> <span class='ocrx_word' id='word_1_218' title='bbox 716 2656 856 2719; x_wconf 84' lang='lat' dir='ltr'>maxime</span> <span class='ocrx_word' id='word_1_219' title='bbox 873 2651 1023 2740; x_wconf 88' lang='lat' dir='ltr'>operibus</span> <span class='ocrx_word' id='word_1_220' title='bbox 1043 2651 1096 2714; x_wconf 88' lang='lat' dir='ltr'>ad-</span> 
     </span>
     <span class='ocr_line' id='line_1_30' title="bbox 98 2735 1096 2821; baseline -0.005 -20"><span class='ocrx_word' id='word_1_221' title='bbox 98 2737 169 2801; x_wconf 81' lang='lat' dir='ltr'>triti</span> <span class='ocrx_word' id='word_1_222' title='bbox 189 2735 275 2801; x_wconf 87' lang='lat' dir='ltr'>ferre</span> <span class='ocrx_word' id='word_1_223' title='bbox 301 2736 427 2821; x_wconf 90' lang='lat' dir='ltr'>plenius</span> <span class='ocrx_word' id='word_1_224' title='bbox 455 2736 592 2818; x_wconf 87' lang='lat' dir='ltr'>vallum,</span> <span class='ocrx_word' id='word_1_225' title='bbox 642 2740 697 2801; x_wconf 91' lang='lat' dir='ltr'>uia</span> <span class='ocrx_word' id='word_1_226' title='bbox 719 2759 808 2801; x_wconf 89' lang='lat' dir='ltr'>arma</span> <span class='ocrx_word' id='word_1_227' title='bbox 828 2739 1005 2816; x_wconf 82' lang='lat' dir='ltr'>nescirent,</span> <span class='ocrx_word' id='word_1_228' title='bbox 1030 2736 1096 2799; x_wconf 91' lang='lat' dir='ltr'>luto</span> 
     </span>
     <span class='ocr_line' id='line_1_31' title="bbox 60 2760 1165 2905; baseline -0.004 -22"><span class='ocrx_word' id='word_1_229' title='bbox 60 2821 274 2905; x_wconf 68' lang='lat' dir='ltr'>auinquinari,</span> <span class='ocrx_word' id='word_1_230' title='bbox 297 2822 372 2905; x_wconf 90' lang='lat' dir='ltr'>quia</span> <span class='ocrx_word' id='word_1_231' title='bbox 394 2821 552 2904; x_wconf 85' lang='lat' dir='ltr'>sanguine</span> <span class='ocrx_word' id='word_1_232' title='bbox 573 2760 712 2903; x_wconf 70' lang='lat' dir='ltr'>nollent,</span> <span class='ocrx_word' id='word_1_233' title='bbox 735 2822 938 2886; x_wconf 88' lang='lat' dir='ltr'>iubebantur.</span> <span class='ocrx_word' id='word_1_234' title='bbox 973 2818 1097 2882; x_wconf 86' lang='lat' dir='ltr'>adhoc</span> <span class='ocrx_word' id='word_1_235' title='bbox 1161 2850 1165 2855; x_wconf 95' lang='lat'>·</span> 
     </span>
     <span class='ocr_line' id='line_1_32' title="bbox 99 2903 1096 2984; baseline -0.004 -18"><span class='ocrx_word' id='word_1_236' title='bbox 99 2912 219 2984; x_wconf 86' lang='lat' dir='ltr'>scorta,</span> <span class='ocrx_word' id='word_1_237' title='bbox 241 2903 378 2984; x_wconf 88' lang='lat' dir='ltr'>calones,</span> <span class='ocrx_word' id='word_1_238' title='bbox 402 2906 547 2968; x_wconf 87' lang='lat' dir='ltr'>sarcinae</span> <span class='ocrx_word' id='word_1_239' title='bbox 564 2905 628 2967; x_wconf 88' lang='lat' dir='ltr'>nisi</span> <span class='ocrx_word' id='word_1_240' title='bbox 647 2905 690 2969; x_wconf 90' lang='lat' dir='ltr'>ad</span> <span class='ocrx_word' id='word_1_241' title='bbox 704 2927 798 2971; x_wconf 89' lang='lat' dir='ltr'>usum</span> <span class='ocrx_word' id='word_1_242' title='bbox 814 2904 1017 2970; x_wconf 89' lang='lat' dir='ltr'>necessariae</span> <span class='ocrx_word' id='word_1_243' title='bbox 1032 2923 1096 2963; x_wconf 91' lang='lat' dir='ltr'>am-</span> 
     </span>
     <span class='ocr_line' id='line_1_33' title="bbox 98 2988 1137 3074; baseline -0.002 -24"><span class='ocrx_word' id='word_1_244' title='bbox 98 2996 262 3072; x_wconf 87' lang='lat' dir='ltr'>putentur.</span> <span class='ocrx_word' id='word_1_245' title='bbox 284 2989 367 3065; x_wconf 80' lang='lat' dir='ltr'>tanti</span> <span class='ocrx_word' id='word_1_246' title='bbox 383 3009 453 3052; x_wconf 91' lang='lat' dir='ltr'>esse</span> <span class='ocrx_word' id='word_1_247' title='bbox 471 2988 646 3052; x_wconf 88' lang='lat' dir='ltr'>exercitum</span> <span class='ocrx_word' id='word_1_248' title='bbox 683 2991 773 3053; x_wconf 88' lang='lat' dir='ltr'>uanti</span> <span class='ocrx_word' id='word_1_249' title='bbox 784 2992 1007 3074; x_wconf 87' lang='lat' dir='ltr'>imperatorem</span> <span class='ocrx_word' id='word_1_250' title='bbox 1018 3006 1096 3048; x_wconf 86' lang='lat' dir='ltr'>vere</span> <span class='ocrx_word' id='word_1_251' title='bbox 1109 2989 1137 3038; x_wconf 79' lang='lat' dir='ltr'>ll</span> 
     </span>
     <span class='ocr_line' id='line_1_34' title="bbox 98 3012 1096 3158; baseline -0.003 -25"><span class='ocrx_word' id='word_1_252' title='bbox 98 3069 263 3156; x_wconf 90' lang='lat' dir='ltr'>proditum</span> <span class='ocrx_word' id='word_1_253' title='bbox 283 3080 341 3134; x_wconf 89' lang='lat' dir='ltr'>est.</span> <span class='ocrx_word' id='word_1_254' title='bbox 375 3073 422 3134; x_wconf 90' lang='lat' dir='ltr'>sic</span> <span class='ocrx_word' id='word_1_255' title='bbox 442 3070 571 3135; x_wconf 89' lang='lat' dir='ltr'>redacto</span> <span class='ocrx_word' id='word_1_256' title='bbox 601 3072 635 3135; x_wconf 93' lang='lat' dir='ltr'>in</span> <span class='ocrx_word' id='word_1_257' title='bbox 662 3012 866 3158; x_wconf 82' lang='lat' dir='ltr'>disciplinam</span> <span class='ocrx_word' id='word_1_258' title='bbox 892 3069 1096 3133; x_wconf 84' lang='grc' dir='ltr'>1111Ιί1111111-</span> 
     </span>
     <span class='ocr_line' id='line_1_35' title="bbox 99 3153 1096 3240; baseline -0.005 -21"><span class='ocrx_word' id='word_1_259' title='bbox 99 3153 201 3219; x_wconf 87' lang='lat' dir='ltr'>missa</span> <span class='ocrx_word' id='word_1_260' title='bbox 217 3154 313 3236; x_wconf 84' lang='lat' dir='ltr'>acies,</span> <span class='ocrx_word' id='word_1_261' title='bbox 335 3155 484 3240; x_wconf 91' lang='lat' dir='ltr'>quodque</span> <span class='ocrx_word' id='word_1_262' title='bbox 501 3177 595 3222; x_wconf 81' lang='lat' dir='ltr'>nemo</span> <span class='ocrx_word' id='word_1_263' title='bbox 611 3157 758 3222; x_wconf 85' lang='lat' dir='ltr'>visurum</span> <span class='ocrx_word' id='word_1_264' title='bbox 774 3178 808 3219; x_wconf 92' lang='lat' dir='ltr'>se</span> <span class='ocrx_word' id='word_1_265' title='bbox 825 3175 976 3239; x_wconf 90' lang='lat' dir='ltr'>umquam</span> <span class='ocrx_word' id='word_1_266' title='bbox 991 3173 1096 3237; x_wconf 87' lang='lat' dir='ltr'>spera-</span> 
     </span>
    </p>

    <p class='ocr_par' dir='ltr' id='par_1_8' title="bbox 63 3237 1139 3575">
     <span class='ocr_line' id='line_1_36' title="bbox 63 3237 1097 3324; baseline -0.007 -20"><span class='ocrx_word' id='word_1_267' title='bbox 63 3246 199 3304; x_wconf 81' lang='lat' dir='ltr'>asverat</span> <span class='ocrx_word' id='word_1_268' title='bbox 219 3237 349 3319; x_wconf 85' lang='lat' dir='ltr'>factum,</span> <span class='ocrx_word' id='word_1_269' title='bbox 376 3248 412 3301; x_wconf 88' lang='lat' dir='ltr'>ut</span> <span class='ocrx_word' id='word_1_270' title='bbox 440 3238 600 3322; x_wconf 82' lang='lat' dir='ltr'>fugientes</span> <span class='ocrx_word' id='word_1_271' title='bbox 622 3239 833 3304; x_wconf 86' lang='lat' dir='ltr'>Numantinos</span> <span class='ocrx_word' id='word_1_272' title='bbox 862 3238 1031 3324; x_wconf 87' lang='lat' dir='ltr'>quisquam</span> <span class='ocrx_word' id='word_1_273' title='bbox 1051 3237 1097 3298; x_wconf 91' lang='lat' dir='ltr'>vi-</span> 
     </span>
     <span class='ocr_line' id='line_1_37' title="bbox 101 3320 1139 3405; baseline -0.005 -20"><span class='ocrx_word' id='word_1_274' title='bbox 101 3321 204 3386; x_wconf 90' lang='lat' dir='ltr'>deret.</span> <span class='ocrx_word' id='word_1_275' title='bbox 233 3321 515 3386; x_wconf 81' lang='grc'>(1111111111111111</span> <span class='ocrx_word' id='word_1_276' title='bbox 532 3323 693 3405; x_wconf 86' lang='lat' dir='ltr'>volebant,</span> <span class='ocrx_word' id='word_1_277' title='bbox 716 3325 744 3386; x_wconf 91' lang='grc'>11</span> <span class='ocrx_word' id='word_1_278' title='bbox 757 3322 925 3387; x_wconf 88' lang='lat' dir='ltr'>toleranda</span> <span class='ocrx_word' id='word_1_279' title='bbox 941 3321 1022 3386; x_wconf 82' lang='lat' dir='ltr'>viris</span> <span class='ocrx_word' id='word_1_280' title='bbox 1040 3320 1139 3382; x_wconf 78' lang='grc'>1111-12</span> 
     </span>
     <span class='ocr_line' id='line_1_38' title="bbox 99 3403 1097 3492; baseline -0.004 -24"><span class='ocrx_word' id='word_1_281' title='bbox 99 3414 301 3490; x_wconf 76' lang='lat' dir='ltr'>pararentur.</span> <span class='ocrx_word' id='word_1_282' title='bbox 329 3403 395 3469; x_wconf 79' lang='lat' dir='ltr'>&#39;sed</span> <span class='ocrx_word' id='word_1_283' title='bbox 422 3426 494 3468; x_wconf 90' lang='lat' dir='ltr'>cum</span> <span class='ocrx_word' id='word_1_284' title='bbox 516 3405 623 3492; x_wconf 84' lang='lat' dir='ltr'>Scipio</span> <span class='ocrx_word' id='word_1_285' title='bbox 645 3429 755 3471; x_wconf 88' lang='lat' dir='ltr'>veram</span> <span class='ocrx_word' id='word_1_286' title='bbox 774 3406 873 3471; x_wconf 85' lang='lat' dir='ltr'>vellet</span> <span class='ocrx_word' id='word_1_287' title='bbox 895 3414 927 3469; x_wconf 86' lang='lat' dir='ltr'>et</span> <span class='ocrx_word' id='word_1_288' title='bbox 952 3406 1021 3468; x_wconf 87' lang='lat' dir='ltr'>sine</span> <span class='ocrx_word' id='word_1_289' title='bbox 1043 3423 1097 3467; x_wconf 86' lang='lat' dir='ltr'>ex-</span> 
     </span>
     <span class='ocr_line' id='line_1_39' title="bbox 102 3487 1120 3575; baseline -0.002 -23"><span class='ocrx_word' id='word_1_290' title='bbox 102 3491 250 3575; x_wconf 85' lang='lat' dir='ltr'>ceptione</span> <span class='ocrx_word' id='word_1_291' title='bbox 271 3488 455 3570; x_wconf 84' lang='lat' dir='ltr'>viotcriam,</span> <span class='ocrx_word' id='word_1_292' title='bbox 485 3511 522 3555; x_wconf 92' lang='lat' dir='ltr'>eo</span> <span class='ocrx_word' id='word_1_293' title='bbox 544 3493 776 3557; x_wconf 81' lang='lat' dir='ltr'>necessitatum</span> <span class='ocrx_word' id='word_1_294' title='bbox 794 3488 953 3574; x_wconf 57' lang='lat' dir='ltr'>oeneus</span> <span class='ocrx_word' id='word_1_295' title='bbox 963 3487 1120 3567; x_wconf 61' lang='lat' dir='ltr'>nium</span> 
     </span>
    </p>
   </div>
   <div class='ocr_carea' id='block_1_3' title="bbox 0 0 1184 3818">
    <p class='ocr_par' dir='ltr' id='par_1_9' title="bbox 0 0 1184 3818">
     <span class='ocr_line' id='line_1_40' title="bbox 0 0 1184 3818; baseline 0 0"><span class='ocrx_word' id='word_1_296' title='bbox 0 0 1184 3818; x_wconf 95' lang='lat' dir='ltr'> </span> 
     </span>
    </p>
   </div>
  </div>
 </body>
</html>
