2356 3818
139 204 201 267 52-
495 215 780 265 nnomnrmous.

137 367 1145 535 titillatletttttfttlttltttttttttmmttt

137 535 352 632 inpetrassent
374 534 448 618 (nec
468 533 518 596 fas
539 531 635 616 erat),
662 533 824 597 suffocatis
845 534 998 622 elisisque
1020 539 1144 621 passim

137 616 315 681 intantibus
344 617 411 680 suis
439 626 495 680 aut
522 615 641 678 mutuis
671 617 841 681 concidere
866 617 1061 683 vulneribus
1091 631 1144 685 aut

138 699 268 765 vinculo
296 721 313 762 c
342 699 485 764 crinibus
513 699 580 762 suis
610 698 696 764 facto
726 699 767 764 ab
795 700 964 765 arboribus
986 702 1157 790 iugisques

98 816 129 868 18
160 783 356 848 laustrorum
376 783 610 882 pependerunt.
645 782 780 847 Boiorix
806 805 866 847 rex
886 785 921 863 in
942 785 1051 870 prima
1075 779 1143 853 acie

162 868 169 883 ’
205 869 294 931 ioans
316 867 350 930 in
374 887 444 964 rgre
464 886 525 930 nec
546 866 667 930 inultus
690 866 856 931 occiditur.

221 950 332 1014 Tertia
351 889 588 1033 Bligurinorum
615 972 744 1031 manus,
772 972 854 1036 quae
882 951 974 1037 quasi
1002 952 1040 1014 in
1070 953 1141 1019 sub-

137 1035 220 1101 sidio
247 1034 383 1097 Noricos
410 1033 575 1097 insederat
601 1033 733 1132 Alpium
761 1033 916 1115 tumulos,
943 1034 978 1097 in
1010 1035 1141 1103 diversa

96 1143 127 1194 19
137 1118 247 1203 elapsa
257 1117 337 1202 fuga
351 1118 363 1178 i
409 1116 487 1180 obili
499 1126 531 1181 et
545 1117 722 1181 latrocrniis
734 1118 876 1181 evanuit.
898 1119 983 1182 hunc
995 1127 1065 1183 tam
1080 1120 1158 1185 laea

137 1210 205 1264 tum
220 1209 349 1286 tamque
381 1199 495 1263 elicem
514 1199 670 1264 liberatae
683 1198 798 1264 Italiae
813 1202 1000 1287 adsertique
1014 1196 1140 1290 imperii

135 1285 284 1347 nuntium
296 1304 360 1346 non
371 1305 430 1368 per
444 1282 604 1365 homines,
621 1291 657 1346 ut
668 1282 806 1365 solebat,
823 1285 958 1370 populus
973 1284 1136 1351 Romanus

95 1393 129 1445 20
137 1367 275 1452 accepit,
301 1366 359 1431 sed
373 1388 432 1453 per
446 1368 549 1453 ipsos,
572 1368 600 1429 si
611 1367 743 1431 credere
758 1367 807 1431 fas
824 1378 886 1451 est,
905 1369 994 1434 deos.
1023 1371 1137 1457 quippe

137 1450 250 1514 eodem
272 1451 325 1514 die
347 1472 409 1536 quo
429 1459 595 1535 gestares
617 1460 667 1516 est
687 1451 752 1515 visi
772 1474 830 1550 pro
851 1453 931 1517 aede
948 1452 1095 1517 Pollucis
1110 1461 1136 1516 et

138 1534 281 1600 Castoris
304 1536 438 1599 iuvenes
462 1534 624 1599 laureatas
647 1544 789 1624 praetorr
810 1535 933 1602 litteras
955 1535 1050 1618 dare,
1077 1536 1150 1601 frea

136 1639 302 1718 quousque
318 1619 353 1681 in
370 1617 552 1703 spectaculo
570 1640 679 1683 rumor
696 1620 851 1698 victoriae
870 1618 1053 1688 Cimbricae
1070 1618 1133 1659 *⁴¹*

137 1702 224 1787 quod
243 1725 278 1764 m
318 1701 487 1765 ladiatorio
504 1723 636 1775 munere
653 1702 724 1766 fieri
741 1702 823 1768 solet
839 1703 989 1768 ‘feliciter
999 1704 1021 1766 l'
1045 1703 1132 1771 dixit
1175 1754 1177 1792 ,

94 1805 200 1870 21quo
232 1725 318 1870 quid
340 1782 580 1863 admirabilius,
617 1784 696 1869 quid
720 1786 880 1868 insignius
895 1786 980 1870 *fieri
1054 1784 1132 1851 test?

137 1866 255 1951 quippe
273 1865 364 1929 velut
379 1864 464 1929 elata
478 1864 641 1929 montibus
660 1867 726 1928 suis
744 1867 846 1931 Roma
863 1877 1013 1953 spectacu
1028 1890 1047 1934 o
1063 1867 1133 1944 belli
1175 1921 1177 1935 .

136 1949 320 2028 interesset,
342 1968 406 2012 uno
429 1948 605 2033 eodemque
625 1959 801 2030 momento,
824 1971 897 2021 oum
912 1952 947 2012 in
964 1952 1148 2023 acredine
1175 1939 1177 2013 ἶ

135 2030 187 2095 bri
209 2026 469 2114 succumberent,
494 2030 632 2119 populus
653 2033 688 2096 in
709 2032 789 2099 urbe
810 2031 994 2119 plaudebat.
1174 2026 1177 2042 ¹

287 2141 504 2233 xxxviui.
529 2164 715 2235 omnum
737 2165 984 2231 anulorum
1060 2182 1065 2189 ·
1168 2112 1177 2181 '³

68 2285 147 2366 111,4
217 2281 297 2348 Post
315 2282 524 2366 Macedonas,
549 2285 578 2347 si
597 2284 647 2348 dis
662 2284 785 2370 placet,
807 2283 950 2348 Thraces
966 2284 1132 2366 rebellant,

137 2366 186 2431 illi
207 2367 369 2452 quondam
397 2368 560 2435 tributarii
579 2367 810 2450 Macedonum3
834 2370 950 2433 necin
972 2372 1132 2453 proximas

136 2449 231 2515 modo
252 2452 437 2534 provincias
458 2452 602 2516 contenti
622 2452 802 2532 incurrere,
825 2451 1026 2516 Thessaliam
1041 2462 1176 2541 atquae,

136 2531 345 2614 Delmatiam,
371 2533 406 2596 in
426 2534 630 2597 Adriaticum
650 2556 739 2599 mare
759 2555 862 2619 usque
884 2545 1060 2619 venerunt3
1088 2557 1131 2601 eo

137 2635 199 2699 que
220 2613 284 2678 fine
307 2615 439 2696 retenti,
467 2616 558 2702 quasi
579 2616 814 2683 interveniente
835 2627 965 2700 natura,
992 2629 1134 2686 contorta

109 2698 172 2764 ain
187 2697 275 2781 ipsas
292 2705 392 2782 aquas
409 2697 475 2762 tela
489 2701 655 2764 miserunt.
682 2700 763 2764 nihil
779 2701 908 2764 interim
922 2725 980 2787 per
994 2703 1030 2768 id
1044 2723 1133 2767 omne

135 2790 261 2866 tempus
283 2781 447 2846 residuum
468 2783 666 2847 crudelitatis
689 2783 751 2847 fuit
774 2786 808 2848 in
830 2787 974 2870 captivos
992 2788 1132 2851 saeuien-

135 2865 242 2931 tibus:-
268 2864 361 2930 litare
386 2865 435 2929 dis
461 2867 618 2951 sanguine
639 2867 793 2948 humano,
817 2867 930 2952 bibere
949 2871 984 2933 in
1009 2870 1177 2949 ossibusa,

137 2951 292 3035 capitum,
315 2949 469 3036 cuiusque
488 2951 576 3014 modi
597 2950 747 3019 ludibriis
770 2950 902 3017 foedare
917 2961 1055 3017 mortem
1071 2963 1133 3017 tam

137 3035 206 3117 igni
228 3054 324 3119 quam
345 3033 449 3114 fumo,
470 3043 581 3118 partus
598 3056 725 3120 quoque
742 3035 950 3120 gravidarum
965 3037 1133 3121 mulierum

114 3127 332 3216 3extorquere
363 3118 540 3181 tormentis.
587 3118 768 3188 saevissimi
802 3120 943 3190 omnium
976 3120 1133 3185 Thracum

137 3197 300 3264 Scordrsci
329 3201 435 3282 fuere,
467 3201 526 3266 sed
553 3201 712 3265 calliditas
740 3225 866 3301 quoque
880 3204 938 3268 tad
960 3203 1060 3268 robur
1086 3224 1133 3267 ac·

111 3293 293 3351 roesserat:
321 3284 476 3349 silvarum
497 3293 530 3349 et
549 3286 704 3349 montium
725 3295 804 3355 snus
827 3309 899 3353 cum
916 3288 1049 3372 ingenio
1064 3308 1154 3352 cona
1176 3358 1177 3367 χ

137 3365 328 3431 sentiebant.
356 3369 466 3454 itaque
487 3389 553 3432 non
574 3368 666 3433 fusus
683 3370 778 3433 modo
796 3369 837 3434 ab
855 3371 906 3434 his
922 3381 978 3435 aut
994 3371 1131 3456 fugatus,

135 3447 195 3515 sed
219 3486 262 3501 -
289 3450 391 3516 simile
418 3451 568 3538 prodigio
592 3488 635 3503 -
663 3453 791 3517 omnino
822 3462 906 3522 totus
938 3455 1131 3543 intercepere
