2356 3818
398 121 748 213 11,33.34[11u,12].·
832 210 835 219 1
1007 134 1066 196 105

61 312 144 359 oum
172 288 308 375 gemmis
335 294 367 352 et
398 309 468 352 mar
491 290 582 355 oritis
612 290 799 377 elephantos
829 314 955 380 quoque
981 298 1066 362 inter

62 394 205 441 munera
230 370 408 453 trahentes,
437 310 519 436 nilril
544 375 647 459 magis
677 396 772 461 quam
799 375 1066 464 longinquitatem

64 462 143 524 viae
165 455 354 543 inputabant
369 491 412 504 --
428 456 676 540 quadriennium
696 458 914 543 inpleverant;
943 470 975 525 et
1001 464 1067 527 iam

52 544 75 607 ‘i
102 563 139 607 se
166 539 330 604 hominum
355 534 443 601 color
469 537 512 603 ab
543 539 607 604 alio
633 542 745 605 venire
776 541 865 607 eaelo
892 543 1064 610 fatebatur.
1086 567 1089 573 ·

40 564 183 691 algareni
203 643 338 721 quoque,
362 621 454 707 quasi
472 622 627 687 victoriae
647 624 834 710 paeniteret,
856 635 949 712 rapta
969 627 1106 692 cladem

66 707 247 775 Crassiana
267 725 361 788 mgna
379 693 464 768 ultro
484 705 647 770 rettulere.
681 707 728 771 sio
747 707 867 794 ubique
881 730 947 774 una
967 720 1061 799 atque
1072 719 1107 771 64

13 802 18 809 “
65 790 222 857 continua
241 789 339 854 totius
361 789 490 872 generis
512 788 644 852 humani
664 799 720 854 aut
739 812 806 876 pax
825 791 887 857 luit
907 801 963 858 aut
990 794 1064 858 fati·

62 875 173 963 gatio,
195 893 356 957 aususque
372 871 505 936 tandem
526 872 647 937 Caesar
661 872 828 960 Augustus
848 876 1064 962 septingenta

62 958 152 1023 simo
171 955 213 1021 ab
234 954 316 1021 urbe
335 954 465 1020 condita
492 976 576 1021 anno
597 955 713 1020 Ianum
738 959 903 1042 geminum
923 959 1063 1043 eludere,

29 1040 123 1109 robis
150 1048 225 1105 ante
250 1038 430 1105 seclusum
456 1039 516 1104 sub
536 1039 643 1104 Numa
667 1062 746 1125 rege
767 1050 799 1106 et
819 1043 906 1107 victa
924 1044 1063 1130 primum

65 1122 277 1209 carthagine.
332 1122 409 1187 hino
438 1144 614 1189 conversus
645 1124 688 1190 ad
719 1145 832 1209 paoem
863 1148 1001 1212 pronum
1028 1128 1106 1192 into

64 1204 177 1273 oninia
197 1205 284 1271 mala
304 1216 336 1271 et
355 1208 391 1271 in
411 1205 573 1272 luxuriam
598 1207 702 1273 fluens
724 1209 888 1275 saeculum
906 1210 1062 1296 gravibus

63 1291 256 1378 severisque
282 1289 409 1375 legibus
429 1291 539 1355 multis
558 1293 715 1373 coercuit,
742 1290 783 1356 ob
805 1292 885 1358 haee
907 1303 956 1359 tot
975 1294 1062 1359 facta

63 1375 215 1460 ingentia
239 1373 342 1438 dietus
367 1376 541 1459 imperator
561 1378 735 1461 perpetuus
762 1383 794 1439 et
838 1386 907 1440 ator
926 1379 1060 1463 patriae.

29 1488 56 1531 15
65 1464 241 1523 meatum
262 1457 357 1521 etiam
374 1458 410 1520 in
431 1467 558 1541 senatu,
587 1480 629 1522 an
649 1458 725 1544 quia
745 1478 806 1522 eon
832 1459 941 1524 'disset
961 1462 1104 1559 impero

63 1542 154 1609 rium
172 1540 329 1606 Romulus
353 1550 540 1625 voearetur3
564 1542 622 1607 sed
644 1542 785 1606 sanctius
807 1550 839 1606 et
859 1552 1060 1608 reverentius

62 1626 176 1691 visum
201 1632 250 1689 ost
268 1644 385 1689 nomen
404 1623 562 1708 Augusti,
590 1633 626 1690 ut
646 1625 769 1690 scilieet
788 1625 854 1690 iam
872 1633 955 1710 tum,
984 1626 1060 1692 dum

63 1706 146 1776 oolit
165 1716 286 1791 terras,
308 1708 378 1794 ipso
399 1709 528 1774 nomine
550 1717 582 1776 et
602 1708 696 1776 titulo
715 1716 965 1776 consecraretur.
