2356 3818
467 118 506 203 a
532 114 648 200 unu
676 110 803 201 nucu
898 138 903 151 ·
1165 210 1172 227 ,Ν

188 238 466 373 omanus
508 286 735 370 onnuou
773 286 853 368 ΑΝ
890 242 1119 381 Poura*

218 501 376 591 Spatianti
396 497 475 565 mihi
498 503 534 566 in
550 501 670 588 templo
689 509 721 566 et
736 501 878 565 saucium
923 501 931 516 '
958 501 966 516 ⁸
982 502 1016 566 ia
1038 511 1126 591 caput

134 590 343 678 plurimarum
354 583 504 649 arborum
514 587 720 667 amoenitate,
736 585 916 684 euriporum
941 585 1069 670 rigore,
1085 602 1130 652 ae·

135 675 180 739 ris
202 667 390 735 salubritate
417 671 577 733 recreanti
597 669 727 733 obviam
748 668 855 734 subrto
878 668 1010 753 quidam
1033 670 1126 751 fuere,

156 775 214 819 uos
235 752 280 816 ab
294 750 383 816 urbis
406 752 588 850 spectaculo
604 752 776 817 Baeticam*
787 760 984 826 revertentes
1002 754 1127 819 sinister

133 779 267 905 lineae
287 844 404 900 ventus
426 858 461 899 1n
480 835 542 902 hoc
558 835 634 901 litus
655 844 850 901 excusserat.
882 855 1019 921 quorum
1040 858 1140 918 unus

133 923 200 1005 vir,
221 929 258 985 ut
276 928 389 1007 postea
404 920 568 1007 apparuit,
590 919 706 985 litteris
718 919 939 1066 fferemditm’
962 919 1078 989 subito,
1093 919 1127 987 ad

134 1028 186 1083 me
206 1005 357 1070 convenit
377 1013 409 1070 et
433 1004 559 1087 ‘salve'‚
579 1005 685 1091 inquit
706 1013 715 1043 ‘
741 1025 845 1089 ospes.
877 1003 941 1066 nisi
960 1004 1127 1069 molestum
1171 1055 1172 1088 3

135 1099 198 1173 est,
220 1089 411 1163 dicnomen
432 1097 538 1171 tuum3
559 1110 633 1151 nam
653 1089 761 1151 nescio
788 1087 865 1173 quid
885 1085 970 1151 oculi
991 1088 1061 1153 mei
1081 1085 1156 1152 cll-²

133 1182 266 1238 monent
291 1178 323 1236 et
345 1173 438 1258 quasi
458 1193 516 1256 per
540 1170 687 1236 nubilum
714 1191 909 1255 recognosco
932 1170 1011 1255 quid
1036 1171 1126 1236 istic?

135 1257 366 1354 ‘Hic’inquam
378 1255 523 1318 ‘Florum
533 1254 641 1334 vides,
664 1253 802 1317 fortasse
817 1263 849 1319 et
864 1252 1020 1335 audieris,
1045 1256 1075 1321 si
1087 1263 1147 1319 tall

17 1410 21 1425 ⁸
133 1361 208 1404 men
229 1361 263 1401 111
280 1338 336 1402 rllo
355 1335 441 1400 orbis
459 1342 617 1401 terrarum
637 1331 851 1415 conciliabulo
868 1330 927 1398 sub
944 1335 1126 1403 Domitiano

134 1421 279 1521 principe
299 1420 426 1483 crimini
447 1426 556 1482 nostro
577 1417 734 1482 adfuisti!
758 1427 790 1481 et
806 1418 956 1482 Baeticus
979 1429 1074 1486 ‘tune
1088 1424 1126 1485 es'

133 1504 239 1592 mquit
261 1512 317 1566 ‘ex
328 1501 458 1583 Africa,
481 1522 575 1586 quem
591 1522 714 1565 summo
730 1522 887 1565 consensu
902 1522 943 1584 po
968 1500 1126 1569 oscimus?

133 1588 237 1653 invito
249 1586 378 1673 quidem
391 1584 530 1650 Caesare
542 1593 574 1649 et
584 1585 770 1668 resistente,
788 1607 854 1649 non
865 1604 927 1670 quo
962 1585 1025 1649 tibi
1037 1606 1127 1674 puero
1159 1664 1162 1671 Ι

133 1671 304 1753 invideret,
315 1668 705 1735 sedneAfricacoronam
714 1668 921 1754 magniIovis
933 1670 1149 1755 attingeret’u

156 1777 219 1820 uae
240 1776 314 1820 cum
331 1775 384 1818 me
404 1753 531 1818 videret
550 1750 733 1819 verecunde
746 1761 994 1852 agnoscentem,
1014 1755 1053 1818 in
1072 1775 1128 1818 am·

49 1852 53 1858 “
134 1780 267 1927 glanum
282 1838 457 1903 effunditur
469 1845 501 1902 et
508 1844 604 1902 ‘ama’
617 1838 721 1924 inquit
733 1837 844 1922 ‘igitur
849 1837 1006 1902 fautorem
1019 1842 1128 1903 tuum?

136 1922 262 2009 ‘quidni
276 1921 415 1986 amem?'
437 1929 469 1984 et
484 1943 582 1986 manu
592 1920 781 1986 alterutrum
791 1929 935 1985 tenentes
947 1920 1130 1987 avidissime

134 2012 322 2068 nascentem
344 2005 518 2066 amicitiam
540 2003 801 2084 foederabamus‚
831 2025 903 2067 cum
924 2003 979 2067 ille
1004 2004 1131 2070 interim

135 2086 230 2152 brevi
246 2085 417 2149 intervallo
432 2104 510 2149 usus
528 2093 574 2149 ‘et
584 2086 662 2173 quid
678 2093 725 2150 tu’
739 2089 843 2172 inquit
856 2094 933 2150 ‘tam
948 2087 1004 2151 diu
1020 2089 1059 2152 in
1075 2088 1154 2152 hactt

158 2168 328 2235 rovincia?
349 2189 410 2231 nec
430 2169 466 2231 in
485 2177 629 2233 nostram
648 2168 816 2234 Baeticam
835 2171 980 2235 excurris
1001 2193 1065 2237 nec
1085 2192 1132 2236 ur·

134 2193 211 2320 iem
221 2250 311 2316 illam
327 2251 459 2333 revisis,
483 2250 541 2315 ubi
551 2274 665 2317 versus
676 2255 725 2317 tui
740 2252 947 2320 a·leotoribus
963 2256 1133 2320 concinun-

135 2348 190 2404 tur
211 2344 243 2400 et
258 2335 294 2399 in
308 2336 379 2401 foro
396 2337 483 2399 omni
499 2334 696 2402 clarissimus
713 2337 769 2401 ille
781 2337 821 2401 de
834 2336 939 2402 Dacia
954 2338 1134 2425 triumphus
1170 2392 1172 2405 .

135 2419 286 2488 exultat?
312 2427 447 2507 potesne
470 2440 544 2483 cum
570 2420 632 2486 hoc
656 2420 813 2504 singulari
832 2421 963 2506 ingenio
982 2429 1135 2572 ωηιαὲιιθ

134 2515 251 2571 natura
283 2501 492 2569 rovincialem
502 2503 658 2576 latebram
691 2503 759 2567 ati?
773 2504 1078 2570 nihiltecaritasur
1099 2507 1158 2586 ist

134 2590 217 2654 nihil
234 2526 291 2653 illl
301 2588 407 2673 victor
423 2586 568 2671 gentium
583 2609 624 2673 po
648 2527 737 2670 ulus,
758 2587 839 2652 nihil
858 2597 987 2654 senatus
1004 2587 1135 2655 movet?

135 2672 218 2736 nihil
236 2672 376 2758 denique
388 2670 448 2735 lux
459 2679 491 2735 et
506 2669 615 2754 fulgor
625 2610 732 2735 lelicis
750 2673 869 2757 inperi,
890 2674 945 2758 qui
961 2673 996 2735 in
1004 2693 1043 2737 se
1055 2672 1137 2820 ragit

136 2763 235 2839 atque
252 2756 412 2821 convertit
434 2754 576 2818 omnium
596 2754 705 2819 oculos
722 2754 885 2819 hominum
900 2763 941 2819 'ac
957 2755 1094 2821 deorum'
1125 2760 1135 2793 ’

144 2845 240 2922 atque
257 2860 316 2922 ego
332 2839 423 2904 varie
437 2835 641 2924 perturbatus
658 2839 749 2925 ‘quid
763 2861 850 2903 nunc
861 2840 912 2904 vis
930 2859 990 2922 ego
1006 2861 1138 2940 respon·

144 2918 262 2986 deam?
282 2922 457 3010 oquisquis
469 2930 518 3005 es,
539 2921 619 2986 mihi
630 2943 755 3009 quoque
773 2923 836 3008 ipsi
846 2923 908 2988 hoc
919 2923 1006 2988 idem
1018 2927 1162 2991 mirumst
