2356 3818
128 198 186 265 108
486 209 517 256 r.
530 207 629 257 naun
644 207 748 257 enom
837 268 840 274 ,

126 364 288 447 eliguntur
349 361 494 425 ctissime.
510 370 568 425 est.
603 359 757 445 populum
773 357 881 441 vides,
907 358 1118 445 ohospeset
1161 362 1177 424 l

126 447 236 526 amice,
269 464 305 508 ro
329 466 392 525 um,
404 444 500 529 frugi,
512 445 663 530 quietum,
681 443 774 507 tarde
789 441 928 528 quidem,
939 442 1118 509 setiudicio
1161 448 1172 505 i

125 465 325 614 hospitalem.
354 528 478 594 caelum
493 527 697 620 peculiariter
712 534 924 613 temperatum
942 527 1064 592 miscet
1076 529 1117 593 vi·
1161 550 1169 612 q

126 635 195 695 ces,
213 619 245 676 et
257 619 366 676 notam
381 613 468 676 veris
483 620 568 674 totus
588 610 859 687 annus‘imitatur.
894 618 984 673 terra
1005 608 1118 685 ferb‘lis
1162 633 1174 695 q

126 696 247 782 campis
263 702 295 758 et
303 695 407 779 magis
418 691 554 758 collibus
564 731 608 743 -
617 714 693 758 nam
706 692 821 758 Italiae
836 693 919 757 vites
932 693 1130 774 adsectatus
1157 714 1175 777 q·

126 801 196 844 corn
218 785 289 842 arat
306 799 398 842 areas
419 814 461 827 —
479 778 619 841 serotino
633 799 699 842 non
718 775 879 841 erubescit
895 785 1064 843 aummno.
1096 798 1133 841 ι,

126 864 181 949 qui
215 861 331 926 adrem
340 861 488 947 pertinet,
501 861 694 947 eivitasipsa
703 860 959 944 generosissimis
968 860 1118 947 auspiciis
1164 862 1178 922 i

125 946 288 1027 instituta3
318 966 393 1007 nam
415 952 543 1027 praeter
561 944 709 1014 Caesaris
728 943 862 1023 vexilla,
889 965 973 1029 quae
993 951 1119 1030 portant
1165 969 1175 1007 e

127 1027 304 1113 triumphos
311 1075 321 1109 ,
342 1026 429 1090 unde
442 1049 559 1111 nomen
575 1028 714 1113 accepit,
731 1026 823 1090 adest
837 1029 933 1091 etiam
948 1028 1119 1113 peregrim

126 1110 288 1177 nobilitas.
311 1111 429 1195 quippe
440 1111 469 1173 si
481 1120 592 1175 vetera
606 1110 899 1209 templarespicias,
911 1110 1038 1176 hio'ille
1049 1111 1137 1177 coli-a

127 1205 179 1260 tur
191 1193 339 1276 corniger
350 1193 485 1278 praedo,
509 1195 564 1293 qui
575 1194 708 1280 Tyriam
718 1194 878 1278 virgrnem
893 1203 1030 1281 portans
1048 1195 1118 1259 dun

37 1296 41 1303 ·
125 1299 184 1362 per
201 1284 270 1340 totu
293 1277 394 1361 masia
414 1275 550 1360 lasciva,
568 1277 622 1341 hic
632 1277 740 1342 amisit
761 1287 793 1342 et
813 1277 973 1360 substitit,
997 1287 1032 1343 et
1057 1280 1118 1344 eius

126 1380 223 1445 quam
243 1358 369 1423 ferebat
380 1359 498 1424 oblitus
511 1360 617 1426 subito
633 1369 779 1425 nostrum
793 1360 868 1426 litus
881 1362 1074 1427 adamavit?
1108 1401 1111 1411 ·

208 1442 273 1507 Hic
284 1464 358 1507 cum
369 1465 429 1527 ego
444 1445 662 1530 respirassem,
676 1445 784 1509 statim
796 1446 946 1510 Baeticus
962 1452 1006 1511 ‘o'
1020 1445 1119 1533 inquit

127 1527 267 1592 ‘beatam
279 1527 451 1610 civitatem,
464 1549 545 1614 quae
556 1530 591 1592 in
600 1538 634 1593 te
644 1529 816 1612 fatigatum
829 1528 951 1594 incidit.
975 1551 1074 1615 quem
1083 1528 1139 1593 adit

125 1611 256 1676 modum
269 1619 377 1675 tamen
391 1620 424 1676 te
459 1614 655 1698 rosequitur,
674 1621 706 1677 et
741 1613 799 1688 uid
813 1612 866 1677 bic
880 1612 1012 1696 agitur?
1039 1613 1118 1678 unde

126 1694 279 1759 subvenit
301 1634 459 1759 reditusl³
483 1716 526 1759 an
545 1705 637 1781 pater
662 1696 703 1761 ab
755 1696 838 1760 frica
858 1696 1117 1762 subministrat‘l’

127 1777 216 1841 ‘inde
236 1798 451 1925 nequaquiam,
480 1800 554 1843 cum
574 1779 635 1843 hac
651 1781 725 1925 {psa
744 1781 1003 1865 peregrinatione
1028 1781 1118 1847 offan·

666 1883 683 1926 e

128 1861 239 1924 derim.
268 1862 302 1923 in
316 1882 351 1923 re
386 1870 422 1925 tu
436 1870 484 1926 est
499 1861 578 1927 mihi
590 1883 649 1949 pro,
687 1862 964 1927 ssiolitterarurn.'
1002 1872 1038 1930 ‘o
1058 1885 1119 1929 rem

126 1942 195 2008 indi
219 1943 399 2008 nissimam!
419 1954 450 2009 et
463 1968 559 2032 quarn
573 1966 675 2033 aequo
690 1944 756 2008 fers
767 1944 855 2010 istud
866 1946 989 2028 animo,
1011 1949 1142 2014 sederes

126 2028 162 2090 in
172 1964 290 2091 sobolis
306 2036 338 2092 et
375 2030 460 2093 ueris
473 2029 660 2115 praecipere
666 2027 695 2091 i’
715 2027 757 2093 ad
773 2048 869 2114 quam
882 2027 969 2092 illius
987 2032 1124 2098 interro·'

129 2111 292 2196 gationem
308 2112 343 2175 in
352 2048 442 2176 bunc
457 2112 587 2177 modum
599 2111 762 2197 respondi.
795 2119 873 2176 ‘non
890 2112 989 2188 miror
1004 2125 1041 2181 te
1058 2116 1119 2180 eius

114 2216 212 2259 'nunc
227 2215 297 2259 esse
307 2196 535 2282 persuasionis,
545 2218 608 2281 qua
622 2205 655 2260 et
665 2197 868 2284 ipsequoque
874 2195 1068 2282 aliquandiu
1078 2197 1119 2262 la·

126 2279 251 2344 beravi.
274 2287 376 2345 totum
391 2281 477 2344 enim
492 2280 578 2368 quod
596 2279 648 2344 hic
663 2281 787 2366 egimus
803 2281 1060 2366 quinquennium
1078 2282 1120 2347 ita

125 2362 205 2427 mihi
217 2371 400 2447 pertaesum
412 2372 480 2428 erat
490 2364 585 2428 huius
598 2364 823 2451 professionis,
845 2373 881 2429 ut
897 2385 1061 2463 nusquam
1074 2365 1143 2430 vit

128 2466 205 2510 vere
230 2454 376 2529 putarem
404 2446 566 2512 hominem
590 2449 798 2512 miseriorem.
842 2456 890 2511 set
911 2447 1053 2514 submde
1075 2469 1120 2522 re

90 2602 93 2607 ,
123 2529 276 2594 tractanti
293 2537 475 2615 sortemque
486 2549 600 2597 'meam
613 2552 686 2594 cum
702 2530 839 2594 fortunis
859 2532 973 2596 ceteris
993 2534 1121 2598 etvitae

125 2607 289 2678 laboribus
303 2611 481 2676 conferenti
498 2613 629 2677 tandem
645 2612 818 2699 aliquando
834 2614 1041 2700 pulchritudo
1056 2637 1121 2681 sus·

126 2693 211 2778 cepti
234 2694 343 2777 operis
366 2696 524 2779 apparuit.
558 2697 640 2762 scire
659 2704 691 2760 te
712 2718 790 2782 ergo
805 2719 891 2762 nunc
907 2708 1035 2784 oportet
1053 2698 1120 2764 nul·

125 2780 193 2845 lum
214 2777 318 2840 maius
347 2777 529 2863 praedium,
554 2780 675 2844 nullam
696 2783 967 2879 procurationem,
994 2783 1146 2849 nulluma

125 2864 279 2930 honorem
300 2861 430 2940 decerni
451 2871 589 2948 quantus
606 2864 659 2928 hic
679 2873 721 2927 sit
745 2873 873 2930 nostrae
919 2866 1120 2933 rofessionis.

125 2967 241 3045 nempe
259 2945 287 3008 si
301 2944 380 3010 mihi
393 2946 552 3010 maximus
567 2948 731 3033 inperator
745 2950 857 3029 vitem,
875 2889 918 3014 id
928 2959 976 3014 est
993 2960 1122 3016 centum

126 3031 274 3096 hommes
285 3029 444 3114 regendos
459 3031 659 3114 tradidisset,
681 3054 747 3098 non
762 3033 933 3098 mediocris
948 3034 1054 3100 honos
1068 3033 1121 3099 ha

124 3113 212 3179 bitus
227 3112 307 3178 mihi
317 3114 498 3199 videretur3
517 3115 596 3179 cedo
613 3117 641 3183 si
653 3115 904 3215 praefecturam,
929 3118 957 3181 si
977 3118 1122 3185 tribuna·

125 3205 208 3261 tum:
229 3219 303 3262 nem
327 3198 447 3263 eidem
463 3197 579 3279 honos,
599 3200 663 3263 nisr
684 3199 769 3286 quod
786 3222 908 3266 meroes
923 3202 1071 3300 amplior.
1093 3202 1149 3267 sia

127 3299 204 3362 ergo
215 3302 281 3345 non
294 3219 429 3365 daesar,
446 3281 504 3347 sed
515 3280 658 3346 Fortuna
668 3282 729 3349 hoo
740 3304 841 3368 genus
858 3285 1003 3349 statioms
1015 3287 1122 3351 iniun-

125 3363 175 3425 xit
184 3364 232 3426 uti
263 3366 350 3429 ueris
360 3367 508 3450 ingenuis
518 3375 614 3452 atque
625 3366 768 3432 honestis
779 3368 1124 3455 praesiderem,nonne

125 3443 184 3509 tibi
198 3386 366 3531 pulchrum
380 3449 493 3514 videor
508 3459 602 3535 atque
621 3450 827 3536 magnificum
844 3461 1036 3544 consecutus
1053 3453 1121 3519 offl-
