2356 3818
278 296 282 303 Ι
378 203 738 291 1‚so.31[11,14·.15].
1011 210 1051 270 41

10 366 16 375 “
55 378 207 435 meretur.
236 370 335 452 igitur
345 369 479 435 Manilio
498 369 740 456 Censorinoque
757 370 1077 457 oonsulibuspopu-r

10 502 12 507 -
55 455 108 518 lus
125 454 289 518 Romanus
305 453 479 537 adgressus
500 453 729 537 Carthaginem
747 474 804 539 spe
827 455 916 539 pacis
935 456 1054 520 iniecta

55 537 209 602 traditam
226 557 246 599 a
265 535 447 606 volentibus
467 537 603 600 classem
618 536 700 600 subi
723 557 758 599 so
771 557 827 602 ore
845 538 1053 603 urbisineen·

57 621 116 685 dit.
149 629 218 683 tum
234 621 374 684 evocatis
392 620 607 704 principibus,
625 621 653 683 si
670 559 752 682 sahi
773 640 844 683 esse
861 622 996 704 vellent,
1017 631 1079 687 ut8

34 705 234 788 emigrarent
244 703 361 766 finibus
373 704 554 786 imperavit.
572 702 657 788 quod
668 724 725 787 pro
736 704 784 766 rei
792 704 960 768 atrocitate
971 706 1052 770 adeo

57 788 159 850 movit
169 788 250 868 iras,
267 795 304 849 ut
316 794 460 849 extrema
470 786 612 850 mallent.
641 785 870 869 comploratum
887 787 986 870 igitur
1017 811 1053 852 u-

57 870 141 934 blice
159 871 267 933 statim
285 879 317 932 et
333 870 401 954 pari
414 891 493 934 voce
506 869 676 933 clamatum
693 877 741 933 est
753 869 807 933 ‘ad
819 871 941 932 armai'
955 893 989 934 se
1015 872 1077 934 't·9

57 975 119 1040 que
132 954 300 1033 sententia,
318 973 445 1038 quoquo
462 953 558 1017 modo
569 951 806 1035 rebellandum
825 975 892 1017 non
925 955 1054 1019 uiaiam

56 1057 131 1122 spes
148 1036 217 1100 ulla
228 1043 424 1121 superesset,
443 1037 501 1100 sed
512 1038 588 1121 quia
604 1036 741 1134 patriam
752 1058 843 1099 suam
854 976 986 1101 mallent
998 1037 1073 1102 ho-·

27 1139 51 1180 n
59 1121 158 1185 stium
170 1141 266 1205 quam
276 1119 343 1181 suis
354 1118 501 1183 manibus
513 1127 624 1183 everti.
654 1121 710 1204 qui
718 1118 946 1184 rebellantium
956 1121 1054 1185 luerit
1063 1132 1096 1183 10

10 1260 12 1269 .
56 1203 163 1284 furor,
178 1202 232 1267 vel
242 1203 317 1266 hinc
328 1202 473 1286 intellegi
508 1211 598 1284 otest,
612 1202 698 1300 quod
707 1203 742 1266 in
752 1225 847 1267 usum
858 1225 961 1268 novae
974 1204 1053 1269 clas·

56 1287 101 1350 sis
120 1293 207 1351 tecta
223 1286 374 1351 domuum
391 1226 607 1368 resciribrunt3
625 1308 660 1348 m
676 1307 836 1350 armorum
850 1286 986 1352 officinis
999 1309 1054 1351 au·

10 1428 13 1437 .
61 1391 134 1435 rum
144 1378 177 1433 et
188 1378 357 1455 argentum
364 1391 425 1515 lpro
437 1372 511 1433 ae'rc
523 1369 672 1454 ferroque
685 1369 858 1434 conflatum
869 1380 932 1451 est,
944 1372 979 1434 in
989 1380 1053 1436 tor·

10 1494 14 1503 ·
56 1460 237 1517 mentorum
264 1454 395 1517 vincua
422 1453 520 1516 crinis
549 1459 629 1517 suos
645 1462 811 1517 matronae
839 1455 1051 1518 contulerunt.

10 1598 12 1603 ,
31 1553 51 1596 rs
59 1536 211 1607 Mancino
227 1535 344 1600 deinde
356 1535 486 1600 consule
497 1544 584 1599 terra
600 1538 745 1620 marique
755 1536 903 1601 fervebat
916 1535 1051 1601 obsidio.

10 1680 13 1686 .
56 1621 162 1707 operti
171 1627 299 1704 portus,
317 1618 456 1683 nudatus
469 1628 516 1682 est
549 1618 649 1682 rimus
662 1627 693 1682 et
705 1640 857 1704 sequens,
871 1619 936 1683 iam
948 1626 1092 1683 error-11

10 1732 13 1769 :
55 1707 121 1769 tius
141 1724 268 1785 murus,
290 1724 364 1766 cum
383 1711 491 1766 tamen
540 1723 628 1788 yrsa,
652 1702 737 1788 quod
759 1723 876 1766 nomen
898 1703 965 1765 arci
981 1703 1052 1785 luit,

56 1787 151 1874 quasi
168 1786 270 1849 altera
282 1786 396 1850 civitas
414 1785 595 1850 resistebat.
619 1787 764 1870 quamvis
776 1786 948 1871 profligato
960 1785 1050 1850 urbis
1063 1798 1095 1847 12
1128 1863 1129 1866 Ἴ

56 1868 1051 1956 exoidiotamenfataleAfricaenomenScipionumvidebatur.

28 1955 159 2038 erigitur
179 1954 214 2016 in
236 1952 335 2016 alium
351 1952 534 2038 Scipionem
557 1975 713 2018 conversa
733 1975 785 2017 res
806 1952 937 2037 publica
956 1954 1053 2018 finem

55 2036 138 2105 belli
159 2035 360 2135 reposcebat.
393 2036 479 2101 hunc
505 2022 606 2100 Paulo
625 2036 834 2101 Macedonico
873 2046 1053 2102 rocrcatum
1094 2104 1102 2115 ,

54 2118 207 2185 Africam
227 2119 316 2185 illius
335 2122 446 2204 magni
466 2120 552 2184 filius
576 2121 674 2184 decus
691 2123 798 2204 gentis
820 2141 840 2182 a
863 2130 1052 2204 sumpserat,

54 2202 118 2269 hoo
129 2202 253 2268 scilicet
263 2202 345 2284 fato,
363 2213 400 2266 ut
411 2226 507 2290 quam
516 2202 629 2267 urbem
640 2210 845 2267 concusserat
856 2224 936 2267 avus
951 2225 1051 2302 nepos

55 2287 127 2351 sius
147 2293 315 2351 everteret.
346 2286 404 2350 sed
420 2309 515 2372 quem
532 2286 720 2350 admodum
737 2286 877 2349 maxime
893 2285 1050 2350 mortiteri
1061 2303 1093 2355 13

25 2388 184 2434 remorsus
196 2369 299 2433 solent
311 2392 381 2434 esse
392 2370 597 2434 morientium
606 2368 795 2450 bestiarum,
816 2370 863 2431 sic
873 2368 945 2453 plus
954 2390 1051 2453 nego-

11 2510 17 2523 .
49 2454 95 2517 tii
105 2452 252 2517 fuitcmm
263 2455 415 2516 semiruta
427 2453 546 2518 Cartha
569 2453 729 2537 inaquam
741 2474 813 2516 cum
824 2453 960 2537 integra.
978 2473 1051 2518 oon·

53 2535 160 2622 pulsis
176 2536 211 2600 in
226 2557 325 2600 unam
343 2559 450 2601 arcem
460 2475 606 2601 hostibus
615 2544 743 2622 portum
760 2558 886 2622 quoque
896 2538 979 2601 mari
988 2536 1050 2602 Ro·
1061 2541 1095 2592 14

54 2619 398 2685 manusobstruxerat.
415 2619 684 2685 illialtorumsibi
719 2629 823 2685 ortum
834 2619 875 2684 ab
887 2619 952 2684 alia
962 2619 1052 2684 urbis

55 2710 150 2789 parte
167 2702 333 2784 foderunt,
351 2725 412 2767 nec
426 2712 462 2766 ut
472 2705 636 2787 fugerent3
655 2642 716 2768 soi
725 2723 788 2788 qua
802 2724 896 2768 nemo
908 2704 981 2768 illos
992 2725 1053 2768 neo

25 2784 201 2851 roevadere
216 2807 311 2872 posse
329 2787 496 2868 credebat,
513 2787 589 2851 inde
613 2788 705 2872 quasi
721 2795 798 2850 nata
814 2786 920 2851 subito
939 2787 1051 2851 classis

56 2870 180 2954 erupit,
200 2891 274 2933 cum
290 2871 420 2935 interim
436 2872 501 2934 iam
520 2870 647 2952 diebus,
666 2871 731 2934 iam
740 2871 887 2936 noctibus
898 2891 984 2933 nova
994 2869 1051 2932 ali·
1062 2883 1094 2935 15

56 2974 122 3040 qua
142 2954 258 3035 moles,
281 2976 367 3019 nova
388 2954 550 3035 machina,
573 2975 659 3018 nova
674 2955 872 3039 perditorum
888 2953 1053 3016 hominum

54 3056 171 3101 manus
200 3039 292 3123 quasi
317 3060 360 3102 ex
387 3038 500 3104 obruto
522 3038 671 3102 incendio
696 3037 802 3101 subita
829 3037 868 3101 de
890 3035 1051 3100 cineribus

54 3120 186 3184 flamma
193 3118 356 3220 prodibat.
369 3122 543 3207 deploratis
554 3122 729 3185 novissime
740 3121 836 3184 rebus
848 3119 981 3202 triginta
992 3130 1052 3182 sex
1063 3123 1095 3176 16

26 3204 149 3289 i*inilia
168 3214 312 3269 virorum
329 3227 363 3269 se
380 3206 586 3284 dediderunt,
609 3226 671 3290 quo
694 3205 799 3268 minus
818 3203 946 3283 credas,
970 3202 1051 3266 duce

58 3284 276 3352 Hasdrubale.
326 3297 423 3352 uanto
438 3288 553 3352 fortius
571 3288 692 3351 femina
708 3295 738 3350 et
748 3308 831 3349 uxor
844 3286 950 3349 ducis!
967 3308 1050 3372 quae
1061 3294 1092 3348 17

58 3371 288 3457 conprehensis
305 3311 433 3435 huobus
449 3371 559 3435 liberis
578 3393 598 3434 a
612 3372 749 3435 eulmine
768 3392 802 3433 se
814 3371 926 3434 domus
938 3370 973 3432 in
985 3390 1050 3434 me·

59 3454 148 3519 dium
163 3456 252 3519 misit
267 3454 467 3536 incendium,
483 3456 607 3519 imitata
622 3456 767 3538 reginam
785 3474 867 3540 quae
884 3453 1051 3535 Carthagi·
