2356 3818
125 207 165 269 76
482 216 760 267 110111111ου.

126 392 201 434 nam
220 368 346 432 Mucius
363 367 518 434 Scaevola
538 365 686 454 pontifex
695 367 838 433 Vestalis
859 367 1031 454 amplexus
1049 394 1115 439 aras
1161 375 1163 385 '

88 462 251 519 retentum
278 473 343 515 non
367 453 479 517 eodem
499 455 574 537 igne
596 449 759 533 sepelitur.
802 451 1002 536 Lamponius
1025 465 1061 520 at
1081 479 1116 521 ue
1157 471 1170 517 n

126 534 310 617 Telesinus,
338 534 516 600 Samnitum
536 535 651 613 duees,
680 536 821 599 atrocius
841 534 969 620 Pyrrho
1000 547 1033 602 et
1056 479 1115 603 dn

124 618 232 683 nibale
260 618 469 705 Campaniam
498 617 726 703 Etruriamque
752 639 794 703 po
817 617 964 700 alantur,
992 630 1033 685 et
1063 622 1116 689 sub
1159 648 1170 708 5-

81 721 115 774 23
124 704 231 788 speeie
252 705 391 787 partium
412 723 447 765 se
473 700 650 764 vindicant.
694 701 781 786 apud
796 639 1026 800 baoriportum
1049 705 1128 772 Col-s
1152 712 1170 770 :i

124 785 286 872 linumque
314 794 440 870 portam
475 781 655 848 debellatae
683 805 792 848 omnes
820 784 961 849 hostium
989 790 1115 874 copiae3
1159 796 1170 853 1·

123 868 171 934 ibi
190 869 328 950 Marius,
355 867 408 930 hie
429 864 598 931 Telesinus
626 868 781 952 oppressi.
824 889 885 931 nee
902 868 990 932 idem
1010 879 1116 937 tamen
1163 878 1169 890 '

123 953 270 1016 caedium
297 953 351 1049 qui
378 948 457 1012 belli
475 949 549 1015 finis
571 950 643 1013 fuit.
688 951 792 1014 stricti
816 952 901 1014 enim
929 954 1020 1016 etin
1160 981 1170 1020 1

147 1035 240 1116 ladii,
267 1031 589 1121 ammadversumque
612 1035 646 1097 in
669 1055 738 1115 eos,
767 1035 822 1133 qui
843 1054 878 1097 se
895 1044 1010 1119 sponte
1031 976 1116 1103 dellil
1162 1110 1169 1128 L

78 1129 111 1176 24
122 1057 246 1183 derant.
288 1117 394 1178 minus
418 1126 476 1199 est,
499 1116 684 1215 quod-aput
703 1115 793 1181 Saorr
817 1126 929 1199 ortum,
952 1130 1034 1266 {aput
1048 1121 1132 1189 Col-r

124 1201 222 1264 linem
250 1201 454 1283 septuaginta
479 1200 569 1265 mrlia
594 1222 645 1264 am
668 1199 730 1263 lius
753 1197 775 1264 S
810 1200 843 1264 la
862 1202 953 1265 001101
991 1212 1039 1266 tz‘
1055 1204 1114 1269 bel·

114 1283 189 1346 ·lum
211 1290 289 1344 erat.
344 1291 472 1348 uattuor
491 1283 581 1347 milia
602 1285 642 1349 de
667 1284 783 1360 'torum
803 1285 976 1348 inermium
996 1288 1114 1352 civium
1159 1297 1170 1357 l

78 1377 112 1426 25
122 1367 157 1428 in
183 1363 263 1427 villa
289 1364 419 1450 pulice
445 1366 584 1432 interfici
607 1367 716 1430 iussit:
744 1367 800 1430 isti
824 1376 872 1431 tot
895 1369 929 1430 in
950 1389 1036 1454 paee
1055 1392 1113 1435 non

121 1447 230 1546 plures
246 1448 344 1512 sunt?
373 1452 445 1536 quis
465 1461 572 1515 autem
597 1448 671 1515 illos
691 1459 797 1535 potest
818 1458 1006 1536 conputare,
1061 1474 1112 1518 uos
1159 1486 1170 1524 2

121 1552 156 1594 1n
175 1529 255 1595 urbe
276 1533 398 1617 passim
420 1536 563 1632 quisquis
589 1533 693 1598 voluit
714 1533 854 1599 oceidit?
884 1535 987 1599 donee
1005 1557 1028 1599 a
1084 1558 1130 1600 oa
1152 1547 1169 1603 :'

121 1623 218 1678 nante
243 1615 388 1698 Fufidio,
415 1639 527 1682 v1vere
553 1617 677 1702 aliquos
706 1616 840 1699 debere,
866 1626 904 1681 ut
924 1628 1036 1682 essent
1052 1621 1111 1707 qui·
1159 1653 1170 1692 ῃ

121 1696 182 1761 bus
202 1698 388 1785 imperaret,
407 1701 571 1799 proposita
592 1708 641 1762 est
661 1701 776 1784 ingens
800 1699 857 1764 illa
877 1700 1003 1783 tabula,
1027 1712 1062 1767 et
1075 1722 1111 1767 ex
1159 1737 1168 1751 ν

121 1782 191 1866 ips'o
217 1783 373 1866 equestris
402 1783 523 1848 ordmis
548 1781 627 1844 flore
654 1803 693 1846 ae
714 1791 828 1862 senatu
850 1784 913 1848 duo
940 1785 1035 1849 milia
1057 1785 1110 1851 ele·
1159 1786 1170 1860 ᾗ

79 1865 182 1946 steti,
205 1867 260 1951 qui
280 1868 361 1953 mori
381 1864 582 1928 iuberentur:
604 1866 682 1927 novi
701 1865 830 1947 generis
854 1867 1004 1932 edietum.
1051 1868 1109 1934 lon·

166 1971 199 2011 m
242 1960 293 2015 ost
310 1949 390 2015 haec
411 1945 533 2010 referre
553 1944 693 2010 ludibrio
721 1945 831 2009 habita
855 1947 923 2010 fata
943 1948 1129 2032 Carboniss

120 1969 188 2095 blla
206 1971 329 2112 dbrrmi,
351 2028 530 2093 Plaetorios
551 2039 646 2115 atque
658 2028 842 2111 Venuleios,
863 2030 1024 2095 Baebium
1049 2036 1109 2101 sine
1160 2049 1170 2113 Ἐ

120 2115 207 2180 ferro
226 2120 291 2180 ritu
311 2113 451 2177 ferarum
470 2112 683 2176 intermunus
700 2112 863 2196 laniatum,
885 2113 1038 2201 Marium,
1062 2118 1109 2183 du·
1142 2133 1170 2195 ,1

118 2199 166 2262 011
185 2200 287 2284 ipsius
306 2195 453 2276 fratrem,
474 2206 552 2282 aput
571 2195 678 2261 Catuli
697 2196 880 2282 sepulcrum
898 2197 1000 2262 oeulis
1021 2202 1109 2267 effos-
1163 2218 1170 2279 ξ

120 2283 179 2363 111,
207 2277 354 2351 manibus
383 2279 592 2368 cruribusque
614 2281 753 2345 effractis
784 2292 947 2346 servatum
968 2282 1109 2383 aliquan·
1163 2304 1170 2362 ᾗ

77 2381 110 2430 27
120 2365 191 2445 diu,
213 2372 249 2426 ut
266 2382 325 2446 per
342 2364 470 2447 singula
489 2364 633 2429 membra
653 2375 840 2430 moreretur.
897 2367 980 2430 01111
1001 2386 1131 2453 mgr-s
1164 2384 1170 2446 ᾖ

119 2448 222 2512 lorum
241 2444 405 2510 hominum
427 2447 514 2512 ferre
530 2469 666 2533 poenas:
688 2450 862 2533 municipia
873 2388 988 2512 ltaliae
1008 2451 1109 2536 splen·

119 2527 286 2593 didissima
308 2529 367 2592 sub
386 2530 479 2593 hasta
500 2532 686 2612 venierunt,
708 2529 730 2595 S
754 2531 899 2614 oletinm,
922 2531 1109 2607 Interamni-
1165 2575 1170 2613 1

75 2617 180 2689 281111,
202 2609 387 2695 Praeneste,
407 2613 584 2677 Florentia.
628 2634 703 2677 nam
725 2553 925 2696 dulmonem,
946 2625 1041 2679 vetus
1061 2639 1110 2703 op
1165 2637 1170 2698 ῑ

116 2691 228 2778 pidum
249 2696 370 2758 socium
391 2704 486 2783 atque
508 2697 645 2761 amicum
664 2735 707 2746 -
724 2697 850 2761 facinus
872 2699 1109 2782 indignum!-

115 2792 181 2839 non
212 2798 254 2841 ex
275 2787 377 2862 ugnat
401 2789 457 2844 out
479 2779 605 2846 obsidet
625 2781 696 2844 iure
716 2778 810 2863 belli3
840 2781 898 2845 sed
926 2803 989 2868 quo
1015 2783 1133 2849 modost

115 2867 218 2924 morte
262 2850 382 2926 amnati
403 2862 477 2927 duci
498 2863 657 2948 iubentur,
679 2867 725 2928 110
747 2864 929 2930 damnatam
948 2866 1110 2935 civitaten
1164 2915 1165 2920 κ

115 2943 210 3009 iussit
231 2943 320 3010 Sulla
339 2946 451 3013 deleri.
540 2953 541 2957 ’

259 3082 262 3087 ’
308 3076 353 3142 Χ.
369 3076 565 3143 BELLVM
586 3074 915 3144 SERTORIANVM.

48 3190 145 3274 111‚22
197 3191 325 3259 Bellum
346 3192 564 3259 Sertorianum
587 3196 665 3281 quid
685 3196 822 3280 amplius
843 3218 938 3282 quam
960 3195 1110 3262 Sullanae

140 3278 362 3362 rosoriptionis
388 3277 551 3342 hereditas
571 3278 657 3357 fuit?
684 3279 802 3344 hostile
822 3281 928 3365 potius
950 3301 993 3345 en
1014 3280 1135 3345 civiles

118 3298 259 3425 dixerim
289 3361 414 3442 neseio,
447 3362 566 3446 quippe
600 3363 687 3447 quod
714 3363 863 3428 Lusitani
892 3362 1110 3451 Celtiberique

95 3442 264 3512 2Romano
284 3445 444 3530 gesserint
469 3444 560 3510 duee.
605 3446 681 3512 exul
708 3455 738 3510 et
758 3446 915 3534 profugus
941 3446 1054 3513 feralis
1074 3448 1110 3513 il·
