2356 3818
309 180 724 299 decerpsero-111.
972 218 1015 283 cr

30 408 118 475 [XI.
140 407 323 472 BELLVM
343 395 437 474 (ΝΜ
451 403 651 475 ANTONIO
663 408 723 473 ΕΤ
736 409 1013 482 CLEOPATRA.

102 540 209 606 Furor
234 541 369 606 Antonii
395 550 552 628 quatenus
580 565 639 628 per
665 537 820 608 ambitum
845 566 911 610 non
947 556 1071 632 1111,·ll

30 633 146 692 ›oterat
166 625 313 705 interire,
335 624 415 688 luxu
433 634 465 689 et
481 625 616 690 libidine
636 628 796 693 extinctus
813 638 872 693 est.
896 632 1014 718 quippe

30 733 94 777 uun
112 716 187 794 post
206 707 343 772 Parthos
365 729 483 773 exosus
502 731 592 775 arma
611 710 647 773 in
667 711 731 774 otio
753 721 877 796 ageret,
900 724 1013 798 captus

30 813 129 877 ‚more
149 790 227 856 (lleo
251 800 340 855 atrae
362 793 454 878 quasi
475 791 558 856 bene
576 794 677 877 gestis
694 792 790 858 rebus
812 795 847 857 in
865 799 956 880 regio
977 819 1013 863 se

30 880 94 949 ‚inu
114 813 289 939 reficiebat.
323 875 399 939 hinc
418 874 535 940 mulier
554 876 719 962 Aegyptia
739 875 780 941 ab
797 877 891 943 ebrio
912 881 1037 965 impe-a

30 969 128 1025 atore
151 959 290 1044 pretium
317 957 487 1024 libidinum
511 959 692 1024 Romanum
715 960 884 1046 imperimn
917 965 1014 1047 petit';

30 1053 51 1109 tt
73 1042 222 1129 promisit
240 1042 417 1124 Antonius,
447 1043 540 1127 quasi
557 1043 684 1107 facilior
704 1051 791 1108 esset
810 1042 930 1110 Partho
951 1046 1014 1111 Ro:

30 1146 146 1191 nanus.
174 1125 273 1209 igitur
287 1150 289 1155 ·
303 1125 409 1211 coepit
435 1139 501 1190 non
528 1126 591 1192 sibi
620 1127 871 1192 dominationem
898 1143 1038 1216 pararea

30 1231 83 1275 rec
101 1208 212 1289 tacite,
235 1208 293 1273 sed
313 1210 452 1293 patriae,
473 1210 626 1291 neminie,
648 1219 758 1294 togae,
781 1211 918 1277 fascium
936 1213 1014 1278 obli·

30 1315 72 1359 us
94 1299 180 1356 totus
201 1293 237 1354 in
256 1301 433 1357 monstrum
452 1292 535 1359 illud
554 1303 590 1359 ut
610 1302 733 1376 mente,
755 1295 801 1359 ita
817 1297 923 1362 animo
939 1319 1014 1382 quo·

30 1397 83 1465 pne
110 1373 262 1460 cultuque
284 1374 476 1440 desciverat.
505 1398 638 1441 aureum
668 1378 704 1440 in
730 1399 827 1443 manu
853 1378 1014 1462 baculum,

30 1483 53 1524 n
72 1458 174 1535 latere
194 1459 357 1539 acinaces,
384 1481 546 1545 purpurea
566 1461 667 1523 vestis
692 1460 878 1558 ingentibus
901 1462 1015 1527 obstri-

29 1548 74 1608 aa
99 1542 249 1626 gemmis:
281 1541 429 1606 diadema
456 1542 581 1624 deerat,
609 1551 646 1605 ut
660 1559 783 1626 ‘regma
810 1565 871 1608 rex
893 1553 924 1608 et
944 1546 956 1608 i
980 1560 1014 1609 s'e

30 1628 191 1692 rueretur.
227 1626 269 1689 ad
288 1626 424 1711 primam
448 1647 606 1690 novorum
626 1634 770 1690 motuum
794 1626 914 1691 famam
963 1649 1041 1698 ae-4

30 1732 75 1775 tar
91 1730 112 1773 a
129 1708 304 1773 Brundisio
324 1709 508 1792 traiecerat,
534 1718 569 1774 ut
594 1709 738 1792 venienti
763 1709 848 1774 belle
870 1731 1015 1775 occurre-

30 1786 86 1875 ret',
108 1792 286 1891 positisque
308 1792 422 1857 castris
450 1794 484 1857 in
504 1793 606 1881 Epiro
624 1814 718 1856 omne
740 1792 816 1857 litus
835 1794 1014 1875 Actiacum,

30 1875 219 1943 Leucadiam
239 1875 378 1940 msulam
394 1885 603 1964 montemque
618 1875 783 1941 Leucaten
805 1886 837 1941 et
850 1877 1016 1942 Ambracii

30 1962 113 2026 tinus
129 1980 249 2024 cornua
265 1959 385 2025 infesta
401 1960 505 2026 classe
521 1963 734 2026 succinxerat.
752 1959 847 2025 nobis
865 1962 1042 2047 quadrina

30 2052 139 2131 pentae
166 2043 303 2129 amplius
329 2064 443 2125 naves,
476 2045 634 2110 ducentae
655 2044 761 2109 minus
780 2043 937 2128 hostium,
959 2044 1018 2109 sed

30 2147 190 2193 rumorum
209 2127 398 2211 magnitudo
419 2128 588 2213 pensabat.
618 2128 735 2213 quippe
762 2129 887 2191 asenis
907 2129 942 2192 in
961 2136 1037 2191 no?

30 2232 123 2275 renos
143 2231 305 2274 remorum
326 2211 471 2297 ordines,
499 2211 542 2275 ad
561 2212 624 2275 hoc
643 2209 786 2273 turribus
808 2218 904 2297 atque
925 2209 1016 2274 tabu-

30 2296 95 2359 atis
127 2292 296 2358 adlevatae
328 2294 533 2358 castellorum
567 2292 621 2357 vel
651 2291 782 2365 urbium
812 2294 919 2378 specie
952 2315 1016 2357 non

30 2379 92 2443 tine
112 2378 234 2462 gemitu
247 2379 346 2441 maris
363 2386 395 2440 et
408 2377 518 2442 labore
530 2386 699 2442 ventorum
714 2375 916 2458 ferebantur3
933 2397 1015 2462 quac

30 2460 155 2549 puidem
172 2462 244 2545 ipsa
263 2461 364 2526 moles
387 2462 485 2526 exitio
507 2461 579 2525 fuit.
604 2459 752 2526 Caesaris
769 2481 869 2524 naves
891 2459 1041 2525 abiniso

30 2545 103 2611 remi
149 2566 182 2608 m
200 2545 235 2609 in
256 2566 350 2609 senos
371 2566 432 2610 nec
452 2545 589 2630 amplius
604 2544 733 2609 ordines
752 2553 937 2626 creverant3
958 2545 1018 2608 ita·

30 2649 86 2717 lus
129 2626 232 2692 abiles
252 2629 288 2693 in
309 2629 416 2715 omnia
438 2651 519 2716 quae
540 2650 618 2692 usus
635 2638 797 2715 posceret,
819 2627 862 2692 ad
878 2628 1018 2714 impetus

30 2720 55 2777 st
74 2732 226 2777 recursus
251 2710 419 2800 flexusque
447 2712 636 2797 capiendos,
663 2711 736 2775 illas
764 2732 881 2796 graves
910 2720 943 2775 et
975 2710 1018 2774 ad

30 2795 131 2861 ›mnia
151 2796 356 2893 praepeditas
380 2795 524 2895 singulas
546 2795 655 2879 plures
676 2794 809 2859 adortae
829 2794 1017 2874 missilibus,
1099 2820 1104 2827 ·

30 2878 120 2945 timul
140 2887 270 2961 rostris,
292 2880 415 2944 adhoc
436 2878 566 2963 ignibus
587 2878 679 2943 iactis
699 2877 743 2942 ad
763 2878 932 2941 arbitrium
953 2876 1017 2940 dis-

30 2964 182 3048 sipavere.
211 2983 271 3041 neo
297 2962 364 3027 ulla
390 2985 425 3028 re
452 2962 555 3046 magis
583 2961 746 3026 hostilium
776 2961 940 3045 copiarum
960 2968 1038 3042 ap·,⁷

30 3045 131 3111 caruit
150 3046 338 3131 magnitude
349 3069 450 3133 ,quam
492 3055 542 3110 ost
559 3046 737 3110 victoriam.
761 3044 879 3130 quippe
897 3045 1018 3106 inmen-

30 3122 79 3194 'sae
101 3129 215 3193 classis
238 3130 444 3214 naufragium
468 3068 557 3193 bello
584 3128 706 3192 factum
726 3136 793 3191 toto
814 3127 896 3189 mari
913 3125 1017 3189 fluita·
1129 3202 1133 3209 ἡ

30 3221 80 3278 sat
111 3212 321 3300 Arabumque
340 3223 372 3277 et
384 3212 582 3278 Sabaeorum
601 3220 633 3276 et
650 3211 738 3274 mille
754 3210 853 3274 Asiae
874 3209 1018 3293 gentium

30 3297 107 3385 spo'
160 3317 305 3383 purpura
333 3317 474 3384 auroque
500 3295 593 3360 inlita
626 3292 761 3358 adsidue
793 3301 879 3358 mota
912 3293 1017 3355 ventis

30 3380 127 3445 naria
147 3379 366 3445 revomebant.
393 3381 497 3464 prima
523 3378 591 3444 dux
612 3377 709 3461 fugae
736 3378 850 3463 regina
871 3397 944 3440 cum
962 3395 1043 3453 arn-3

30 3485 83 3529 rea
102 3485 211 3553 puppe
232 3463 369 3550 veloque
389 3483 550 3549 purpureo
571 3463 605 3525 in
626 3461 726 3529 altum
747 3459 845 3527 dedit.
870 3480 950 3601 prox
968 3479 1015 3522 ss·

67 3571 182 3611 nonvs.
