2356 3818
137 223 174 286 14
218 226 222 235 '
483 234 763 286 nnoa1nr1rons.

133 386 265 451 vadunt.
293 386 433 470 patentis
447 389 569 473 passim
582 386 693 450 domos
714 387 845 451 adeunt.
871 384 918 450 ibi
929 385 1084 453 sedentes
1100 391 1130 453 in

134 468 297 535 curulibus
316 470 382 533 suis
398 478 618 556 praetextatos
643 491 737 534 senes
751 470 841 535 velut
856 469 933 533 deos
952 473 1129 559 geniosque

132 554 286 634 venerati,
301 575 378 617 mox
390 554 528 634 eosdem,
543 562 714 639 postquam
731 576 802 618 esse
816 553 962 617 homines
974 553 1128 640 liquebat,

132 637 273 704 adlocuti
283 636 364 701 nihil
375 636 570 723 respondere
582 637 753 720 dignantes
770 638 847 723 pari
856 638 1030 701 vaecordia
1047 661 1130 703 mao-

46 722 50 727 ’
131 729 210 802 tant,
223 720 374 806 facesque
390 721 484 784 tectis
502 721 648 802 iniciunt,
666 730 812 785 ettotam
828 719 942 784 urbem
959 722 1029 805 igni
1045 723 1145 788 ferros

90 835 122 885 15
132 804 279 869 manibus
293 812 483 890 exaequant.
510 825 569 868 sex
582 803 896 868 mensibus-barbari
912 842 955 855 -
973 807 1047 891 quis
1067 829 1130 871 ore·

132 889 247 954 deret?
261 925 304 938 -
321 889 407 950 circa
416 896 559 951 montem
574 910 673 950 unum
689 888 921 974 pependerunt,
939 909 1001 951 nec
1016 889 1130 955 diebus

24 1012 28 1021 ·
131 972 236 1053 modo,
259 971 317 1035 sed
332 968 481 1034 noctibus
500 993 625 1056 quoque
644 973 751 1035 omnia
769 973 911 1057 experti3
930 993 1004 1036 cum
1022 982 1133 1039 tamen

131 1055 271 1120 Manlius
298 1063 391 1117 nocte
414 1053 580 1118 subeuntis
603 1055 675 1118 clau
700 1076 755 1119 ore
776 1056 900 1118 anseris
930 1057 1131 1121 excitatusa

131 1159 254 1203 summa
265 1159 344 1222 rupe
357 1137 483 1219 deiecit,
496 1148 528 1202 et
540 1148 575 1202 ut
587 1160 676 1224 spem
711 1138 834 1203 ostibus
847 1139 999 1220 demeret,
1020 1162 1151 1226 quam-n

151 1243 227 1285 uam
243 1222 278 1284 in
296 1242 420 1283 summa
437 1221 532 1304 fame,
544 1231 652 1286 tamen
665 1221 708 1286 ad
724 1223 864 1308 speciem
880 1222 1018 1287 fiduciae
1028 1247 1129 1310 panes

92 1324 151 1375 lca
191 1317 270 1368 arce¹
280 1304 437 1368 iaculatus
452 1314 511 1369 est.
546 1315 581 1369 et
596 1314 679 1370 stato
701 1307 840 1406 quodam
854 1305 906 1370 die
926 1328 986 1392 per
1006 1309 1129 1373 medias

130 1389 269 1454 hostium
287 1388 449 1452 custodias
468 1389 606 1453 Fabium
624 1390 809 1490 pontificem
833 1389 874 1453 ab
898 1412 972 1454 arce
996 1390 1128 1473 dimisit,

151 1471 350 1537 uisollemne
363 1494 488 1537 saonim
498 1475 533 1537 in
541 1471 701 1553 Quirinali
711 1483 819 1539 monte
830 1474 1012 1538 conficeret.
1033 1484 1069 1541 at
1089 1497 1128 1540 ue

130 1494 186 1623 ille
202 1578 261 1642 per
276 1557 384 1621 media
396 1556 536 1622 hostium
552 1557 619 1621 tela
635 1559 805 1623 incolumis
823 1557 989 1642 religionis
1003 1579 1072 1622 aux
1098 1561 1149 1626 ‘on

89 1659 120 1708 17
129 1641 472 1727 redivitpropitiosque
485 1641 561 1705 deos
573 1644 779 1706 renuntiavit.
797 1643 972 1705 novissime
984 1643 1127 1707 cumiani

131 1724 256 1790 obsidio
275 1746 334 1788 sua
346 1723 502 1787 barbaros
520 1725 699 1808 fatigasset,
714 1726 803 1789 mille
820 1725 927 1809 pondo
939 1728 1011 1789 asuri
1022 1747 1127 1810 recen

130 1829 300 1871 sumsuum
311 1807 523 1886 venditantes,
535 1807 633 1892 idque
644 1810 750 1892 ipsum
759 1830 817 1892 per
828 1808 1043 1890 insolentiam,
1056 1830 1127 1875 oum

130 1891 177 1954 ad·
183 1892 294 1975 iniqua
303 1890 448 1975 pondera
464 1889 574 1953 addito
592 1890 697 1954 adhuc
709 1891 818 1974 gladio
829 1890 961 1974 insuper
972 1898 1048 1957 ‘vae
1063 1895 1126 1958 vic-

128 1975 183 2038 tis'
196 1974 409 2058 increparent,
426 1971 532 2036 subito
547 1972 720 2058 adgressus
732 1995 752 2036 a
765 1983 858 2057 tergo
875 1972 1031 2036 Camillus
1046 1978 1151 2042 adeon

129 2057 254 2138 cecidit,
266 2066 302 2120 ut
318 2057 425 2123 omnia
439 2057 661 2120 incendiorum
673 2058 757 2120 vesti
783 2057 813 2119 'a
824 2055 944 2120 Gallici
959 2061 1126 2141 sanguinis

90 2164 122 2214 18
131 2139 340 2206 inundatione
353 2139 484 2205 deleret.
512 2162 609 2226 agere
626 2142 746 2226 gratias
758 2079 808 2205 dis
819 2139 1044 2205 inmortalibus
1057 2145 1126 2230 ipso

128 2232 238 2292 tantae
249 2225 351 2290 cladis
363 2227 491 2290 nomine
502 2224 592 2290 libet.
620 2235 786 2326 pastorum
804 2246 896 2288 casas
910 2226 995 2309 ignis
1011 2224 1080 2309 ille,
1096 2235 1127 2293 ct

128 2311 257 2374 flamma
267 2319 490 2409 paupertatem
500 2309 630 2375 Romuli
645 2308 823 2376 abscondit.
851 2309 1034 2372 incendium
1046 2310 1127 2375 illud

130 2392 209 2481 quid
221 2395 287 2476 egit
297 2393 396 2475 ahud,
407 2395 471 2457 nisi
481 2403 517 2456 ut
528 2393 689 2458 destinata
697 2394 862 2460 hominum
874 2414 911 2455 ac
926 2392 1059 2458 deorum
1071 2394 1152 2477 dou

92 2479 99 2494 ⁸
130 2475 249 2539 micilio
261 2477 375 2539 civitas
392 2497 457 2539 non
476 2476 582 2539 deleta
595 2499 656 2540 nec
667 2477 790 2557 obruta,
810 2475 868 2540 sed
879 2498 921 2539 ex
943 2479 1009 2540 iata
1019 2479 1127 2561 potius

17 2560 20 2564 '
89 2568 121 2619 19
132 2568 164 2622 et
174 2558 310 2621 lustrata
320 2558 493 2635 videatur?
513 2561 612 2643 igitur
626 2570 699 2645 post
715 2560 876 2623 adsertam
891 2581 910 2621 a
964 2559 1061 2642 anlio,
1078 2582 1128 2625 ro·

129 2643 273 2719 stitutum
290 2641 458 2707 aCamillo
475 2641 588 2706 urbem
605 2645 710 2708 acrius
729 2644 825 2707 etiam
841 2643 1128 2731 vehementiusque

101 2752 104 2757 ·
128 2728 162 2790 in
173 2724 325 2790 finitimos
337 2727 523 2790 resurrexit.
940 2754 942 2759 >
1013 2780 1016 2785 .

378 2859 473 2924 vm.
503 2859 651 2925 namn
673 2859 882 2926 omniun.
988 2936 991 2941 ,
1080 2820 1155 2946 '„

214 2976 265 3040 Ac
279 2978 418 3062 primum
436 2978 577 3041 omnium
593 2976 683 3040 illam
699 2978 803 3061 ipsam
821 2977 981 3041 Gallicam
998 2986 1129 3060 gentem
1173 2958 1175 3059 l

132 3083 198 3127 non
207 3069 374 3128 contentus
384 3059 551 3126 moenibus
563 3061 734 3146 expulisse,
753 3083 825 3124 cum
841 3083 900 3147 per
910 3060 1039 3124 Italiam
1049 3082 1128 3124 nau·
1173 3128 1175 3133 ,

133 3145 183 3208 fra
209 3146 239 3207 ’a
258 3166 316 3209 sua
332 3144 428 3209 latius
444 3144 617 3225 traherent,
637 3146 684 3208 sio
699 3154 886 3230 persecutus
905 3153 953 3208 est
969 3144 1050 3208 duce
1067 3143 1128 3210 Oa-

90 3243 123 3293 20
131 3227 188 3291 mil
203 3248 232 3309 o,
242 3237 278 3292 ut
287 3226 482 3295 hodienulla
494 3227 656 3294 Senonum
670 3229 755 3292 vesti
780 3230 810 3290 ‘a
825 3229 996 3314 supersint.
1026 3227 1128 3291 semel

132 3319 209 3396 aput
223 3311 382 3376 Anienem
397 3312 564 3393 trucidati,
579 3333 651 3375 cum
669 3251 826 3396 singuldri
844 3313 1017 3397 certamine
1032 3310 1125 3375 Man·
1135 3336 1156 3378 a

131 3393 194 3458 lius
209 3415 341 3459 aureum
357 3405 504 3482 torquem
518 3394 656 3461 barbaro
668 3397 752 3460 inter
764 3394 867 3480 spolia
878 3395 1026 3476 detraxit,
1038 3395 1127 3459 unde

133 3477 299 3564 Torquati.
332 3480 449 3543 iterum
462 3477 744 3564 Pomptinoagro,
764 3478 886 3543 cumin
905 3477 1002 3543 simili
1014 3496 1128 3564 pugna
