2356 3818
132 221 172 282 34
493 232 599 281 rnosr
616 231 781 282 euroni.

91 394 239 450 tuterunt
259 385 315 448 diu
332 390 443 447 mutua
459 384 670 449 admiratione
685 382 795 447 delixi,
830 380 888 445 ubi
909 381 949 445 dc
964 403 1053 468 pace
1069 397 1131 450 non

90 478 123 528 60
132 469 291 548 convenit,
308 469 401 566 signa
417 469 572 531 cecinere.
599 475 724 530 constat
739 467 908 550 utriusque
922 466 1129 533 confessione

131 572 192 616 nec
208 550 322 614 melius
339 553 456 614 instrui
475 551 577 613 aciem
595 571 657 612 nec
679 551 785 613 acrius
828 551 948 614 otuisse
971 553 1128 635 pugnari3

132 635 192 698 hoc
208 633 315 718 Scipio
334 634 374 697 de
390 632 570 711 Annibalis,
592 632 734 715 Annibal
751 632 791 695 de
804 571 967 716 Scipionis
983 635 1128 698 exercitu

88 749 119 800 ol
132 717 409 803 praedicaverunt.
433 716 491 780 sed
500 725 608 779 tamen
615 715 758 780 Annibal
769 717 874 796 cessit,
885 717 1143 804 praemiumques

133 800 287 865 victoriae
299 800 412 864 Africa
425 799 487 862 fuit
505 806 536 862 et
548 809 676 863 secutus
687 799 840 862 Africam·
851 800 959 863 statim
969 810 1127 866 terrarum

134 883 232 949 orbis.

137 1087 140 1095 ,
189 1015 319 1081 ΧΧΙΠ.
336 1012 520 1079 BELLVM
535 1011 870 1081 MACEDONIOVM
880 1012 1070 1078 PRIMVM.

64 1120 130 1200 11,7
215 1133 294 1198 Post
316 1131 545 1216 Carthaginem
563 1135 650 1197 vinci
670 1133 831 1196 neminem
851 1131 978 1217 puduit.
1019 1120 1122 1196 statim
1169 1114 1172 1181 ἷ

131 1217 277 1282 Africum
289 1225 417 1279 secutae
429 1226 634 1364 rumpentes,
653 1215 852 1298 Macedonia,
865 1215 1013 1296 Graecia,
1031 1213 1142 1301 Syrius
1164 1254 1172 1314 ᾳ

132 1309 301 1385 ceteraque
316 1300 423 1364 omnia
441 1321 503 1386 quo
527 1322 579 1363 am
597 1301 690 1385 quasi
706 1309 798 1363 aestu
815 1308 847 1362 et
867 1307 1011 1366 torrente
1029 1299 1120 1364 fortu-
1161 1335 1172 1377 ῃ

57 1376 65 1393 “
109 1392 206 1464 2nae,
225 1383 283 1446 sed
293 1384 389 1468 primi
400 1385 542 1448 omnium
550 1383 756 1464 Macedones,
776 1381 954 1448 adfectator
966 1382 1121 1467 quondan
1165 1424 1172 1459 .:

131 1466 259 1551 imperii
275 1467 424 1552 populus.
452 1469 561 1553 itaque
583 1468 730 1554 quamvis
751 1475 820 1531 tum
835 1465 1005 1552 Philippus
1027 1488 1063 1531 re
1104 1485 1119 1528 o

131 1550 340 1636 praesideret,
357 1551 494 1617 Romani
510 1561 618 1616 tamen
634 1551 787 1615 dimicare
806 1549 870 1613 sibi
881 1572 953 1613 cum
963 1571 1042 1634 rege

109 1634 259 1700 3xandro
276 1634 480 1699 videbantur.
511 1635 756 1700 Macedonicum
775 1633 896 1697 bellum
916 1634 1137 1698 immineam-1⁶

109 1732 127 1780 4
157 1717 220 1783 lius
232 1740 328 1804 quam
338 1720 534 1802 spectatione
541 1720 647 1801 gentis
659 1719 731 1782 fuit.
742 1737 840 1781 cansa
850 1718 956 1816 coepit
965 1739 985 1780 a
995 1716 1131 1782 foedere'

130 1740 282 1886 lhilippi,
322 1822 364 1863 uo
381 1822 441 1863 rex
455 1801 521 1874 iam
537 1800 662 1883 pridem
674 1801 892 1865 dominantem
908 1823 943 1864 1n
953 1799 1118 1864 ItaliaAn

129 1882 271 1946 nibalem
290 1905 317 1944 s1
340 1883 351 1942 i
370 1883 492 1946 socium
505 1883 674 1964 iunxerat,
695 1890 808 1981 postea
820 1884 923 1944 crevit
938 1883 1119 1979 inploranti·
1162 1891 1172 1941 'i

130 1966 191 2030 bns
202 1963 338 2026 Athenis
349 1963 506 2028 auxilium
516 1973 627 2029 contra
637 1986 725 2047 regis
736 1965 879 2045 iniurias,
891 1986 963 2027 curn
975 1965 1031 2028 rlle
1044 1967 1121 2031 uus

130 2050 183 2111 ius
193 2046 349 2111 victoriae
357 2047 392 2108 in
402 2046 522 2131 templa
540 2055 572 2110 et
585 2069 658 2110 aras
677 2055 709 2121 et
726 2046 874 2132 sepulcra
891 2048 902 2110 i
926 2068 962 2109 sa
973 2053 1141 2115 saeviret*
1171 2080 1172 2105 r

53 2195 60 2207 ,
107 2128 253 2228 eplacuit
274 2131 398 2193 senatui
419 2151 512 2216 opem
534 2133 632 2194 tantis
654 2130 740 2194 ferre
762 2068 972 2216 suppliciSus
1007 2135 1087 2219 quip

131 2234 196 2276 ram
206 2213 350 2296 gentium
365 2235 460 2298 reges
473 2205 580 2296 dilces,
598 2214 710 2301 populi
725 2215 873 2280 nationes
888 2214 1053 2299 praesidia
1065 2239 1093 2280 s1
1112 2214 1123 2277 i

85 2373 89 2382 ι
102 2303 119 2355 6
132 2295 173 2359 ab
184 2295 246 2360 hac
255 2296 336 2361 urbe
347 2298 546 2399 repetebant.
576 2302 715 2397 primum
730 2299 831 2383 igitur
841 2298 985 2362 Laevino
994 2297 1123 2398 consule

105 2378 1146 2550 2tttdtlththlttttttttttttttttftttp

132 2543 273 2625 Siciliae,
297 2543 475 2626 Sardiniae,
493 2549 682 2632 Hispaniae,
704 2547 838 2612 Africae
858 2487 1072 2634 praefereSat,
1095 2555 1124 2611 et

131 2627 336 2691 manifestam
346 2628 515 2692 victoriam
524 2640 600 2696 nata
609 2632 645 2694 in
654 2633 816 2716 praetoria
825 2655 870 2717 pu
891 2634 926 2718 pi
935 2631 1045 2694 laurus
1059 2629 1123 2716 pol·

105 2706 302 2774 Blicebatur.
330 2711 466 2775 aderato
491 2720 566 2777 onte
581 2715 782 2780 inauxilium
792 2655 920 2778 Attalus
936 2737 997 2779 rex
1006 2714 1123 2798 Perga·

131 2814 307 2875 menorum,
319 2795 453 2858 aderant
462 2735 589 2879 hhodii,
602 2801 748 2862 nauticus
759 2798 907 2896 populus,
921 2800 976 2882 qui
986 2798 1124 2862 navibus

132 2898 153 2940 a
168 2878 258 2957 mari,
277 2877 389 2943 consul
406 2899 427 2940 a
441 2881 536 2943 terris
554 2882 661 2945 omnia
678 2882 768 2966 equis
784 2883 927 2966 virisque
947 2881 1149 2966 quatiebat.³⁰

107 2960 184 3026 obis
195 2961 310 3041 rictus,
321 2961 373 3025 bis
384 2961 514 3043 fugatus
525 2985 593 3044 rex,
606 2964 657 3027 bis
669 2972 784 3026 exutus
796 2966 920 3045 castris,
935 2987 1007 3028 cum
1017 2973 1126 3029 tamen
1170 3008 1172 3035 ,

132 3042 396 3109 nihilterrihilius
407 3045 638 3118 Macedonibus
649 3046 711 3109 fuit
720 3045 791 3128 ipso
802 3048 970 3120 volnerum
981 3057 1124 3134 aspectu,

133 3147 218 3211 quae
232 3149 297 3193 non
313 3150 328 3191 s
351 3127 445 3213 iculjs
466 3151 526 3192 nec
548 3129 674 3213 sagittis
690 3149 750 3191 nec
767 3129 833 3196 ullo
851 3131 1010 3197 Graeculo
1028 3133 1125 3214 ferro),

134 3209 192 3272 scd
208 3151 393 3293 ingentihus
408 3210 484 3296 pilis
503 3233 563 3276 nec
579 3210 756 3275 minoribus
773 3214 1022 3300 adactagladiis
1039 3215 1126 3280 ultra

89 3303 123 3355 10
132 3299 267 3358 mortem
276 3295 439 3378 patebant.
453 3295 615 3359 enimvero
626 3293 810 3363 Flaminino
819 3300 899 3364 duce
910 3299 1015 3363 invios
1028 3308 1154 3365 antean

134 3373 300 3439 Chaonum
315 3387 439 3443 montes
449 3376 555 3441 Aoum
577 3397 619 3441 ue
634 3398 760 3443 amnem
775 3404 833 3466 per
850 3383 986 3468 abrupta
1003 3384 1125 3448 vaden-

56 3528 59 3533 ⁴
91 3467 198 3528 ntem
208 3467 240 3529 et
249 3459 321 3547 ipsa
330 3459 539 3527 Macedoniae
550 3399 690 3542 dlaustra
700 3467 949 3547 penetravimus.
972 3467 1127 3533 introisse
