2356 3818
379 205 423 288 11,
436 207 559 271 26-30
572 209 646 293 [1111‚
663 210 722 297 12].
825 200 828 206 ’
997 218 1051 280 101
1164 230 1167 239 ’

167 393 239 438 ssua
267 379 330 453 est,
360 372 415 456 qui
440 372 557 456 viginti
589 373 829 438 centurionibus
861 378 896 441 in
928 401 1055 447 crucem

60 469 146 525 aotrs
167 456 229 521 hoc
249 455 338 520 velut
358 465 556 520 sacramento
585 466 787 541 sumpserant
809 457 944 544 bellum,
972 466 1054 532 adeo

60 551 156 607 certa
164 540 319 605 victoriae
332 560 388 624 spe
395 586 403 619 ,
417 548 452 602 ut
462 539 616 637 praedam
630 550 704 604 ante
715 542 863 626 pactione
873 543 1053 615 diviserint.

62 623 224 692 Cherusci
244 643 358 708 equos,
380 620 478 692 Suebr
502 645 614 687 aurum
635 632 667 688 et
687 630 870 708 argentum,
893 626 1052 698 Sicambri
1062 654 1095 704 25

18 708 211 793 ecapnvos
232 704 412 790 elegerant3
435 704 493 769 sed
513 708 620 771 omnia
640 717 823 772 retrorsum.
835 711 950 776 -victor
965 735 1052 779 nam-

61 811 127 878 que
153 789 282 855 Drusus
306 809 419 875 equos,
447 810 580 873 pecora,
605 799 736 876 torques
764 813 875 858 eorum
901 795 1053 883 ipsosque

59 872 216 963 praedam
237 872 348 936 divisit
376 881 408 937 et
427 872 589 956 vendidit3
617 882 648 937 et
691 877 835 939 raeterea
860 877 894 939 in
918 878 1051 945 tutelam
1060 890 1094 943 26

59 956 251 1044 provinciae
296 955 442 1020 raesidia'
456 963 552 1042 atque
574 966 663 1021 custo
689 959 735 1020 'as
754 957 873 1044 ubique
895 960 946 1026 dis
969 965 1054 1028 osuit

59 1061 121 1126 per
136 1039 261 1104 Mosam
274 977 409 1120 dumen,
427 1060 486 1124 per
503 1039 618 1122 Albin,
633 1062 691 1125 per
708 1041 873 1125 Visurgin.
897 1045 932 1108 in
977 1044 1054 1110 heni

19 1146 51 1192 ro
85 1123 197 1189 uidem
221 1124 293 1210 ripa
324 1123 556 1221 quinquaginta
579 1123 727 1209 amplius·
758 1125 891 1189 castella
923 1129 1051 1195 direxit.

93 1227 216 1272 ormam
237 1215 269 1270 et
291 1203 516 1270 Caesonaeum
534 1206 685 1292 pontibus
705 1208 811 1271 iunxit
831 1208 989 1275 classibus
1011 1234 1053 1277 ue

59 1291 213 1355 firmavit.
233 1290 374 1354 invisum
395 1297 428 1352 at
449 1311 489 1353 ue
511 1291 711 1354 inaccessum
731 1291 766 1353 in
782 1291 817 1356 id
832 1300 958 1379 tempus
1004 1305 1095 1360 er·2·1

60 1374 194 1460 cynium
214 1312 511 1518 saltumpatedecit.
532 1394 570 1436 ea
589 1373 727 1458 denique
748 1374 782 1437 in
797 1373 970 1441 Germania
988 1401 1054 1464 pax

60 1465 150 1538 erat,
167 1465 203 1520 ut
220 1457 333 1520 mutati
374 1457 511 1536 omines,
533 1454 596 1518 alia
613 1465 713 1537 terra,
732 1456 975 1544 caelum·ipsum
994 1463 1051 1525 mi-

23 1563 52 1609 rs
60 1540 130 1605 tius
151 1538 278 1604 mollius
300 1559 341 1605 ue
363 1539 456 1603 solito
473 1539 647 1620 videretur.
669 1539 744 1605 doni
765 1561 806 1603 ue
823 1561 888 1604 non
905 1564 963 1627 per
973 1544 1050 1609 adu·
1060 1542 1094 1595 28

57 1624 230 1706 lationem,
253 1562 311 1687 sequ
332 1645 375 1687 ex
391 1623 530 1704 meritis,
559 1622 710 1687 defuncto
734 1562 780 1686 iii
807 1623 982 1690 fortissimo
1003 1627 1051 1691 iu·

56 1728 160 1788 vene,
181 1707 258 1791 ipsi,
287 1706 372 1791 quod
400 1727 573 1792 numquam
597 1706 693 1789 alias,
723 1715 852 1770 senatus
874 1724 1051 1792 cognomen

58 1794 107 1855 cx'
122 1790 290 1875 provincia
309 1789 408 1854 dedit.

147 1871 211 1937 Sed
222 1872 386 1937 difficilius
399 1881 447 1937 est
462 1873 646 1957 provincias
662 1871 807 1938 obtinere
819 1894 915 1960 quam
924 1872 1048 1959 facem3
1059 1882 1093 1934 29

21 1954 186 2021 roviribus
206 1965 375 2042 parantur,
397 1957 466 2020 iure
481 1958 668 2021 retinentur.
690 1957 789 2040 igitur
805 1955 904 2021 breve
921 1957 957 2022 id
974 1964 1096 2044 gauto

57 2039 161 2104 dium.
184 2040 301 2126 quippe
318 2039 473 2103 Germani
490 2041 568 2103 victi
585 2041 688 2124 magis
709 2062 804 2126 quam
820 2040 933 2105 domiti
951 2051 1051 2124 erant,

56 2143 230 2208 moresque
256 2130 383 2186 nostros
408 2124 511 2206 magis
538 2144 634 2211 quam
661 2144 750 2186 arma
772 2112 832 2186 sub
859 2124 1051 2209 imperatore

56 2205 169 2270 Druso
188 2226 242 2269 sus
266 2204 421 2287 ioiebant3
442 2214 611 2291 postquam
632 2205 687 2268 ille
706 2206 876 2269 defunctus
898 2216 955 2288 est,
971 2202 1091 2271 Vari3¹

58 2286 213 2368 Quintilii
240 2227 409 2353 iibidinem
442 2309 479 2352 ac
510 2289 692 2373 superbiam
719 2289 797 2352 haut
831 2309 923 2357 secus
957 2312 1053 2377 quam

21 2370 231 2441 assuevitiam
252 2373 359 2437 odisse
380 2380 563 2470 coeperunt.
592 2393 690 2435 ausus
716 2371 771 2435 ille
793 2393 889 2470 agere
915 2392 1052 2438 eonven-

56 2464 144 2535 tnm‚
164 2462 196 2518 ct
217 2454 376 2521 incautius
398 2455 558 2538 affixerat,
581 2455 673 2541 quasi
692 2454 880 2521 violenuam
899 2454 1051 2522 barbaro·

56 2559 133 2602 rum
157 2536 280 2603 lictoris
301 2540 403 2623 virgis
430 2548 461 2603 et
476 2540 644 2625 praeconis
665 2560 744 2603 voce
764 2545 874 2626 posset
894 2538 1049 2606 inhibere.

56 2619 170 2702 atilli,
183 2623 239 2707 qui
251 2623 314 2686 iarn
325 2622 451 2707 pridem
462 2623 609 2707 robigine
622 2620 743 2688 obsitos
762 2644 854 2686 enses
867 2623 1050 2710 inertesque
1061 2634 1094 2687 32

56 2713 240 2769 maererent
253 2727 361 2791 equos,
373 2714 409 2769 ut
421 2707 559 2789 primum
569 2715 662 2790 togas
675 2714 707 2769 et
720 2707 871 2772 saeviora
877 2707 974 2771 armis
981 2709 1052 2771 iura

21 2786 227 2869 striderunt,
250 2788 331 2853 duce
350 2790 498 2855 Arminio
515 2811 604 2853 arma
620 2790 813 2875 corripiunt3
831 2811 903 2854 cum
922 2791 1051 2855 interim
1060 2802 1094 2857 33

56 2878 151 2936 tanta
172 2880 241 2937 crat
261 2872 348 2939 Varo
368 2873 459 2958 pacis
475 2872 608 2954 fiducia,
635 2880 671 2936 ut
697 2895 737 2936 ne
765 2873 894 2959 prodita
921 2872 1050 2959 quidem

56 2975 118 3040 per
139 2952 305 3053 Segestem
323 2978 422 3021 unum
438 2957 620 3055 principum
636 2958 855 3022 coniuratione
874 2976 1050 3020 commove-

56 3046 157 3101 retur.
189 3047 297 3124 rtaque
319 3040 524 3126 inprovrdum
544 3047 575 3103 et
595 3038 676 3103 nihil
696 3039 761 3104 tale
787 3046 980 3102 metuentem
1007 3053 1094 3108 extr

56 3121 225 3207 inproviso
247 3122 367 3205 adorti,
396 3145 469 3187 cum
489 3123 545 3188 ille
564 3161 608 3174 —-
629 3145 647 3187 o
669 3121 841 3186 securitas!
862 3157 905 3170 --
930 3120 973 3185 ad
992 3121 1049 3185 tri-

21 3203 160 3269 obunal
191 3205 320 3288 citaret,
353 3207 494 3291 undique
525 3206 697 3288 invadunt3
736 3213 842 3268 castra
871 3205 1048 3288 rapiuntur,

57 3296 128 3353 tres
144 3286 288 3372 legiones
305 3291 538 3374 opprimuntur.
559 3289 665 3353 Varus
681 3288 808 3374 perdita
821 3295 925 3351 castra
936 3287 1090 3354 eodemto

58 3391 124 3457 quo
142 3369 346 3437 Cannensem
370 3371 454 3436 diem
472 3372 591 3436 Paulus
613 3382 644 3437 et
666 3371 733 3437 fato
756 3379 804 3436 est
825 3378 856 3435 et
876 3370 983 3436 animo
1001 3392 1049 3436 se·

57 3461 163 3521 cutus.
185 3454 266 3520 nihil
284 3454 342 3521 illa
366 3455 464 3521 caede
484 3478 543 3541 per
560 3455 694 3542 paludes
714 3476 835 3543 perque
858 3453 956 3519 silvas
979 3468 1092 3523 cru-³6
