2356 3818
258 238 362 285 urana
375 237 601 286 uuuoamms.
623 222 717 287 VIII.
729 223 839 288 VIIH.
1028 231 1048 293 9

49 400 109 467 est,
117 389 263 455 Victoria
280 387 386 451 ferrea
399 388 543 474 pendens
562 390 631 454 sine
651 391 758 476 aliquo
774 392 902 458 vinculo
920 394 956 457 in
973 403 1048 460 atre

48 475 184 555 ludens3
207 471 266 536 sed
301 474 427 536 uotiens
446 481 562 536 ventus
583 483 639 538 aut
657 473 769 560 pluvia
784 476 881 540 fuerit
899 499 964 541 non
982 500 1048 542 mo·

47 567 116 622 vet.
159 555 261 620 Aedis
280 494 406 619 bianae
427 553 557 641 Epheso
578 566 627 621 est
649 578 744 644 quam
765 561 930 624 constituit
950 562 1046 627 Ama
1058 576 1089 626 18

49 663 130 723 zon3
161 638 208 703 ibi
231 648 262 702 et
289 661 304 701 s
345 639 470 721 rrlcrum
500 637 584 702 Icari
613 641 775 705 stertentis
798 644 890 729 quasi
911 644 1048 710 dormiat

48 726 152 788 mirae
167 661 403 807 magnitudinis
426 744 468 786 ex
488 722 647 788 orichalco
669 732 701 788 et
720 725 817 789 ferro.
867 725 973 792 Rhodi
995 750 1046 793 co·
1058 741 1090 791 19

49 809 205 873 lossicum
225 807 353 890 signum
375 804 459 870 Solis
483 806 584 869 altum
603 807 655 846 **
677 830 715 871 su
738 831 772 872 er
786 809 944 879 ,columna
965 833 1047 875 mar-

48 913 161 957 morea
174 911 247 953 oum
261 889 434 975 quadriga3
455 889 603 953 columna
624 912 701 955 vero
715 830 817 956 babet
831 893 955 958 cubitos
975 916 1048 959 cen-

48 984 129 1039 tum.
175 972 283 1058 prro
305 975 433 1056 signum
450 973 539 1036 Iovis
556 973 699 1072 Olympii
717 996 860 1057 aereum,
883 977 984 1041 facies
1004 990 1090 1042 exuo

50 1080 145 1139 auro,
172 1078 267 1140 quem
292 1056 371 1119 feeit
391 1055 523 1120 Phidias
553 1056 630 1134 'sm
657 1058 773 1122 cubitis
801 1069 928 1124 centum
977 1064 1047 1125 uin-

51 1142 206 1227 quaginta
225 1147 256 1202 et
271 1139 372 1202 latum
390 1140 506 1203 cubitis
522 1142 702 1225 sexaginta.
746 1142 870 1207 Domus
884 1144 951 1210 illic
995 1146 1087 1230 yriu

50 1225 137 1309 regis
170 1222 339 1286 aedificata
369 1222 529 1307 lapidibus
561 1224 707 1289 candidis
744 1235 776 1289 et
805 1229 839 1290 ni
864 1227 935 1291 ellis
969 1250 1047 1293 auro

49 1308 185 1390 iunctis,
214 1305 272 1371 ubi
295 1315 370 1371 sunt
390 1307 558 1372 columnae
585 1308 723 1373 diversis
750 1309 851 1375 colori
873 1333 911 1374 us
940 1320 971 1375 et
999 1312 1048 1376 in·

49 1389 266 1455 numerabiles
288 1390 413 1454 lamnae
440 1390 580 1473 ferreae,
607 1390 769 1456 fenestrae
796 1415 838 1456 ex
858 1403 993 1478 argento
1016 1403 1048 1459 et

49 1473 180 1561 tegulae
201 1495 244 1536 ex
262 1473 370 1559 lapide
390 1475 533 1560 prasina
576 1474 688 1539 Murus
709 1477 796 1539 intus
816 1476 922 1540 medio
939 1477 1090 1564 Baby-’22

50 1559 291 1643 loniae‚<quem
311 1556 464 1620 Memnon
485 1557 668 1621 aedificavit
692 1558 799 1645 lapide
822 1568 911 1624 cocto
932 1569 964 1624 et
985 1561 1047 1624 sul-

50 1643 141 1723 fure,
159 1641 246 1706 ferro
265 1641 486 1722 intermixtus,
505 1640 563 1705 ubi
580 1651 655 1705 sunt
673 1643 850 1706 iuncturae.
894 1643 1048 1707 Latitudo

50 1727 120 1789 eius
143 1722 262 1799 cubitis¹
281 1724 428 1809 triginta,
450 1724 533 1788 altus
559 1725 674 1789 cubitis
694 1735 821 1790 centum
843 1735 876 1790 et
896 1728 938 1790 tri
962 1728 1047 1790 inta:

49 1809 193 1892 cingitur
219 1807 310 1871 milia
332 1829 485 1893 passuum
510 1809 655 1892 triginta.
695 1809 794 1884 ¹Hunc
819 1812 925 1895 coepit
939 1749 1047 1874 gSemi·

49 1893 164 1972 ramis,
193 1890 277 1954 filius
307 1892 375 1954 eius
390 1892 549 2014 perfecit.
599 1891 788 1978 Pyramides
820 1895 855 1957 in
884 1895 957 1978 Aeg
1002 1904 1088 1976 to,23

71 1998 133 2039 uas
155 1974 376 2038 aedificavit*
460 1977 603 2060 Agartus
625 1997 666 2062 op
690 1977 792 2040 idum:
814 1976 861 2040 ibi
882 1986 931 2041 est
983 1978 1090 2044 ilus24

47 2000 170 2133 durius
181 2078 255 2122 aere
272 2058 390 2138 factus,
407 2058 571 2144 †plexilis
586 2060 621 2122 in
636 2000 751 2123 cubitis
766 2062 936 2143 trecentis,
956 2065 1047 2126 euius

48 2143 153 2207 facies
181 2140 350 2226 smaragdo
376 2141 524 2227 limpido,
558 2141 691 2205 brachia
723 2165 766 2206 ex
792 2143 888 2206 ebore
915 2143 1047 2229 magno,

47 2227 143 2290 cuius
170 2225 324 2311 adspectu
351 2233 383 2288 et
403 2224 526 2288 bestiae
546 2232 716 2289 terrentur.
758 2225 896 2288 Athenis
919 2228 1046 2311 signum
1056 2241 1089 2290 ⁶25

47 2310 141 2456 Iopis
171 2308 329 2395 Olympii,
361 2307 581 2372 Alexandriae
613 2308 733 2372 flumen
764 2309 876 2374 Nilum
906 2314 1047 2375 maxime

47 2415 88 2459 co
102 2400 173 2456 unt.

93 2509 206 2596 viru.
245 2508 365 2590 ovor
387 2508 536 2574 urruns
559 2506 692 2574 levus
710 2508 799 2574 vau
823 2508 920 2573 Anu
947 2508 1004 2598 pu

313 2605 444 2696 uoco]
465 2607 534 2672 nn
551 2604 781 2687 urrunnu.

134 2725 229 2790 Ioves
255 2725 346 2790 fuere
373 2735 450 2790 tres.
499 2726 627 2791 Primus
653 2727 688 2790 in
708 2727 864 2809 Arcadia,
895 2727 1066 2796 Aetherisi

46 2810 137 2877 filius
144 2858 152 2890 ,
182 2811 235 2873 cui
262 2811 358 2873 etiam
386 2810 558 2874 Aetherius
587 2831 765 2894 cognomen
795 2812 871 2875 fuit:
903 2810 956 2874 hic
982 2802 1047 2896 pii-

47 2915 145 2958 mum‘
162 2892 270 2958 Solem
292 2895 485 2979 procreavit.
538 2892 705 2958 Secundus
730 2895 865 2974 †abide
887 2895 922 2957 in
946 2895 1046 2956 Arca·

45 2977 119 3056 dia,
145 2977 200 3062 qui
222 2975 389 3041 Saturnius
416 2978 674 3061 cognominatur,
707 2979 826 3062 quiex
852 2978 952 3042 Prose
992 2977 1047 3039 ina

45 3059 206 3124 Liberum
222 3069 346 3145 patrem
362 3061 545 3146 procreavit
560 3061 699 3146 primum
709 3062 879 3125 victoriam
889 3061 906 3098 *
918 3060 945 3123 *.
999 3081 1046 3123 er·

45 3145 114 3207 tius
141 3142 271 3223 Cretae,
294 3144 423 3208 Saturni
445 3153 476 3207 et
497 3143 577 3229 Opis
598 3143 700 3224 filius,
723 3146 859 3290 ogtimus
874 3144 1046 3207 maximus-

72 3248 114 3291 ue
146 3235 195 3291 est
224 3227 413 3312 appellatus.
468 3227 589 3291 Martes
620 3226 711 3290 fuere
764 3248 819 3291 uo:
858 3229 979 3313 primus
1007 3246 1074 3293 ext

46 3249 265 3396 dEnoposte,
303 3320 339 3373 ut
368 3332 440 3374 eum
467 3310 627 3375 Homerus
660 3309 720 3391 ait,
760 3318 791 3374 et
822 3319 931 3374 noster
958 3310 1048 3372 Mars

48 3392 256 3479 'rLeucarpis
277 3401 309 3456 et
324 3393 407 3457 alter
421 3393 511 3460 Mars
523 3393 545 3474 †
557 3395 669 3479 euius,
688 3393 859 3459 secundus
874 3391 1028 3476 saxeas·
1040 3393 1080 3441 a

44 3474 171 3538 Iunone.
229 3476 324 3544 soles
355 3477 454 3548 fuere
485 3482 654 3572 quinque:
692 3479 829 3570 primus
851 3470 961 3537 Iouis
986 3464 1135 3528 ‘imum
