2356 3818
143 215 204 280 102
494 221 781 275 snomsrmous..

139 382 261 462 entius,
299 377 382 442 nihil
408 378 616 444 insultatione
643 370 856 445 barbarorum
885 377 1130 466 intolerabilius,

95 464 310 552 aspraeoipue
337 470 446 527 tamen
473 463 507 525 in
530 482 699 543 causarum
720 469 884 546 patronos.
916 461 991 525 aliis
1014 465 1130 549 oeulos,

138 548 211 612 aliis
227 569 340 613 manus
358 546 582 647 amputabant,
599 545 657 609 uni
676 566 712 609 os
724 543 890 627 obsutum,
908 547 1035 611 rescisa
1067 551 1130 613 rius

138 632 264 716 lingua,
293 652 389 717 quam
408 650 444 694 m
464 637 695 693 manutenens
716 626 874 693 barbarus
895 630 1048 695 ‘tandem
1091 635 1131 697 ait

96 716 271 801 aa‘vipera
298 714 429 780 sibilare
456 712 591 777 desisti!
624 715 635 776 i
659 714 725 776 sius
773 733 879 812 noque
899 713 1041 779 consulis
1066 735 1164 780 eor-s.

136 820 213 886 pus,
242 799 329 886 quod
354 799 495 873 militum
517 796 621 881 pietas
636 735 731 860 lsumi
753 818 773 859 a
797 795 938 879 diderat,
967 790 1130 864 effossum.

137 884 231 969 signa
247 890 279 947 et
296 880 421 968 aquilas
441 880 521 943 duas
540 879 646 945 adhue
660 873 793 943 barbari
808 880 986 967 possident,
1003 884 1149 969 tertiam,

137 966 274 1052 signifer
295 965 384 1052 prius
406 984 502 1048 quam
522 964 558 1028 in
578 985 692 1028 manus
713 963 854 1028 bostium
873 966 1001 1029 veniret
1017 967 1132 1032 evolsit

136 1069 338 1147 mersamque
357 1048 444 1111 intra
465 1044 565 1111 baltei
588 1050 638 1111 sui
652 1046 794 1112 latebras
811 1069 928 1132 gerens
945 1049 980 1111 in
999 1059 1132 1117 eruenta

136 1133 255 1219 palude
277 1151 324 1194 suo
344 1129 448 1194 latuit.
471 1130 533 1195 hae
555 1131 647 1220 clade
669 1131 874 1213 factumest,
896 1140 932 1195 ut
949 1133 1150 1219 imperiumn

95 1215 225 1362 gppuorl
251 1216 289 1314 in
315 1213 413 1362 tlitorte
434 1214 558 1281 Oceani
587 1236 654 1280 non
684 1223 832 1298 steterat,
860 1216 896 1279 in
927 1215 1000 1300 ripa
1027 1217 1130 1282 Rheni

159 1319 277 1362 umams
299 1319 407 1362 sare.
1076 1334 1079 1339 ·

292 1429 424 1494 XXXI.
456 1428 640 1497 BELLVM
662 1428 967 1497 GAETVLIOVM.

93 1570 128 1621 40
219 1548 311 1614 Haeo
334 1550 376 1614 ad
394 1551 659 1636 septentrionem:
680 1547 740 1613 sub
761 1548 939 1612 meridiano
960 1536 1128 1619 tumultua-

55 1660 60 1669 ·
136 1642 204 1701 tum
218 1634 328 1719 ,magis
351 1655 446 1719 quam
460 1633 616 1698 bellatum
634 1641 692 1696 est.
714 1631 913 1696 Musulamos
932 1634 1029 1732 atquo
1050 1634 1150 1700 (iae-u

135 1719 235 1800 tulos,
260 1716 386 1781 aooolas
405 1715 562 1802 Syrtium,
587 1715 688 1781 Cosso
712 1715 794 1779 dnoe
811 1725 1024 1801 compesou1t3
1047 1717 1127 1782 unde

94 1798 590 1866 atilliGaetulioinomenlatius
605 1799 722 1884 quami
747 1799 940 1862 saviotoria.
963 1800 1128 1865 Marmari·
1170 1824 1172 1859 ι

137 1882 195 1946 das
207 1891 302 1968 atque
315 1883 526 1946 Garamantes
542 1881 677 1960 Quirino
690 1821 887 1963 subigendos
906 1880 1005 1946 dedit.
1026 1885 1127 1971 potuit

137 1973 169 2029 et
184 1964 240 2029 ille
258 1965 365 2030 redire
382 1964 602 2046 Marmaricus,
621 1963 680 2028 aed
696 1963 870 2028 modestior
884 1964 1127 2033 inaestimanda

137 2049 274 2115 victoria
294 2048 392 2124 fuit..
1130 2067 1150 2109 a

300 2179 448 2245 xxxu.
465 2156 667 2246 'rnnuvu
685 2140 967 2246 saulaumon.
986 2143 992 2163 “
1037 2228 1044 2237 ,

91 2305 152 2366 42’
218 2299 449 2364 adorientem
492 2298 541 2363 lus
561 2299 685 2384 negotii
705 2320 778 2362 oum
799 2297 973 2362 Armeniis.
1000 2297 1067 2364 huc
1087 2299 1128 2364 al·

134 2393 239 2448 terum
268 2403 310 2446 ex
337 2321 550 2465 Caesaribus,
583 2380 754 2482 nepotibus
786 2382 868 2464 suis,
900 2381 998 2444 misit.
1034 2382 1127 2449 ambo

93 2492 97 2499 ¹
137 2466 203 2530 fato
220 2465 347 2546 breves,
365 2474 414 2529 set
425 2466 506 2529 alter
515 2465 684 2550 inglomus.
706 2464 872 2528 Massiliae
884 2465 1001 2551 quippe
1015 2466 1127 2531 morbo

136 2542 256 2611 Lurius
279 2547 429 2629 solvitur,
457 2550 492 2611 in
514 2546 610 2633 Syria
630 2549 730 2612 Gaius
751 2569 793 2611 ex
813 2546 946 2612 volnere
968 2549 1154 2632 oeoubmtu

136 2652 208 2695 oum
227 2631 415 2694 Armeniam
442 2631 485 2695 ad
511 2630 648 2695 Parthos
678 2653 712 2694 se
741 2630 980 2695 subtrahentem
1010 2633 1047 2696 in
1080 2635 1129 2698 ius

92 2724 131 2792 43,
136 2715 266 2814 recepit.
300 2714 471 2779 Armenios
498 2715 585 2778 vieto
612 2735 690 2798 rege
711 2713 853 2798 Tigrane
880 2716 914 2778 in
941 2714 1003 2779 hoo
1029 2737 1130 2783 unum

136 2799 299 2865 servstutis
328 2818 431 2882 genus
453 2799 625 2884 Pompeius
654 2797 861 2880 adsueverat,
889 2807 925 2862 ut
944 2807 1091 2866 rectores
1111 2821 1130 2864 a

135 2883 229 2950 nobis
258 2883 450 2968 acciperent.
482 2882 699 2967 intermissum
722 2903 756 2944 er
781 2903 798 2945 o
820 2882 870 2945 ius
888 2904 947 2967 per
971 2882 1060 2948 huno
1082 2906 1129 2950 re·

136 2975 321 3069 cuperatum
339 2987 405 3030 uon
420 2967 603 3047 incruento,
623 2985 684 3029 neo
700 2903 800 3029 multo
817 2973 925 3029 tamen
942 2969 1157 3034 certamineao

92 3073 256 3198 “lilii
273 3049 1018 3198 1³⁰·H0naru0ss0'rsr0luaaestoit
1037 3073 1131 3201 Pu

136 3215 245 3281 libello
252 3183 271 3299 ,θ
291 3157 385 3305 qslppm
412 3156 452 3282 ui
473 3155 719 3280 tphensaurorum
746 3217 894 3297 rationes.
911 3156 1131 3284 eontinlaiitem

135 3301 205 3387 ipse
229 3309 433 3387 porrexerat,
462 3300 572 3363 stricto
592 3307 725 3385 repente
748 3298 836 3364 ferro
857 3299 965 3364 subiit.
998 3310 1030 3366 et
1050 3311 1130 3367 tuno

136 3383 271 3469 quidem
290 3384 410 3449 Caesar
435 3392 598 3448 recreatus
627 3392 675 3446 est
702 3405 744 3447 ex
770 3383 904 3448 volnere
930 3385 965 3447 in
988 3392 1160 3472 tempus,ss

94 3481 127 3532 45
138 3475 186 3531 set
203 3466 254 3530 **.
283 3474 424 3532 oetemm
438 3466 754 3554 barbarusrundique
774 3466 892 3532 infesto
912 3471 1058 3535 exercitu
1074 3491 1130 3558 op3
