2356 3818
53 235 58 245 ·
93 218 95 223 ’
136 214 177 278 58
405 264 411 294 Χ
489 220 771 274 rnomnmrons.

43 380 49 387 '
135 400 215 443 rum.
248 377 345 462 idque
370 383 574 460 prospectum
601 371 759 456 singulari
780 367 914 434 oonsilio
936 369 1051 450 ducis,

135 459 328 525 maritimum
346 480 447 544 genus
467 480 488 522 a
509 464 683 541 conspectu
700 454 797 538 longe
817 453 954 516 removit
975 455 1070 517 maria

134 543 375 607 mediterraneis
393 543 479 626 agris
499 541 590 626 quasi
606 537 771 621 obligavit,
794 537 969 621 eodemque
988 547 1070 623 tem}

136 636 167 691 et
186 647 280 690 usum
298 627 395 690 maris
416 623 552 689 navibus
572 622 776 706 recuperavit
805 631 837 684 et
857 629 962 683 terrae
985 619 1070 685 hcm:

95 723 211 775 15suos
232 710 382 775 reddidit.
415 708 492 794 quid
513 706 602 792 prius
624 707 659 768 in
679 705 740 769 hac
760 705 876 769 mirere
893 704 1061 767 victoria?

135 794 320 858 lenitatem?
359 790 604 873 uadragensimo
616 789 669 852 die
679 797 772 873 parta
784 796 842 851 est.
863 807 906 849 an
917 786 1070 851 felicitate

134 899 175 942 ne
194 899 259 942 una
281 817 410 964 quidem
428 873 521 937 navis
541 873 660 936 amissa
681 881 740 935 est.
777 892 818 934 an
838 892 915 935 vero
935 881 1070 956 perpetu

133 961 222 1026 tem?
243 960 380 1046 amplius
400 957 524 1043 piratae
541 978 607 1021 non
628 956 767 1020 suerunt.

342 1073 450 1154 mn.
480 1088 663 1185 nannum
683 1086 923 1155 onnrrevu.

66 1209 143 1287 111,7
215 1204 378 1270 Oreticum
397 1205 534 1288 bellum,
557 1207 585 1271 si
605 1227 683 1270 vera
703 1206 868 1288 volumus,
897 1227 956 1269 nos
976 1205 1070 1269 fecirr

135 1288 204 1352 sola
230 1294 309 1351 enim
341 1289 494 1355 vincendi
519 1289 661 1355 nobilem
687 1289 827 1352 insulam
855 1289 1015 1374 cupiditas
1044 1288 1070 1353 fs

134 1372 256 1435 favisse
280 1371 458 1436 Mithridati
478 1373 664 1457 videbatur3
686 1373 747 1438 hoo
766 1374 887 1459 placuit
908 1373 1006 1436 armis
1028 1374 1070 1436 vi]

109 1474 219 1527 acere.
252 1452 373 1540 primus
400 1458 522 1522 invasit
541 1455 681 1522 insulam
703 1457 831 1522 Marcus
854 1456 1031 1538 Antonius,
1055 1473 1070 1519 ἰ

132 1539 257 1624 ingenti
267 1540 396 1625 quidem
406 1542 559 1607 victoriae
569 1564 626 1628 spe
637 1551 732 1628 atque
742 1541 868 1623 fiducia,
891 1541 971 1604 adeo
983 1549 1020 1604 ut
1030 1541 1070 1624 pl·

133 1634 263 1687 catenas
285 1625 320 1686 in
338 1625 476 1690 navibus
498 1648 593 1712 quam
612 1646 702 1690 arma
722 1634 873 1710 portaret.
912 1624 1002 1687 dedit
1023 1628 1070 1686 ita

108 1727 253 1792 apoenas
273 1709 474 1773 vaecordiac.
497 1731 571 1771 nam
586 1709 757 1794 plerasque
776 1730 875 1772 naves
891 1709 1064 1853 intercepit

134 1791 208 1869 stis,
231 1791 422 1875 captivaque
439 1813 476 1854 co
517 1811 573 1854 ora
590 1789 763 1874 religantes
781 1791 862 1854 velis
881 1812 919 1853 ao
936 1790 1008 1853 funi
1031 1813 1070 1854 ιιι

134 1893 149 1933 s
174 1871 301 1951 endere,
324 1893 362 1935 ac
385 1874 432 1935 sic
449 1894 490 1936 ve
506 1873 648 1935 'ficantes
669 1872 934 1956 triumphantium
951 1875 984 1935 in
1002 1876 1070 1938 mor

108 1969 126 2017 4
163 1961 247 2016 retes
266 1952 411 2036 portibus
434 1955 500 2017 suis
522 1954 812 2038 adremigaverunt.
845 1954 993 2018 Metellus
1016 1958 1071 2021 dei

132 2043 233 2099 totam
250 2034 389 2099 insulam
406 2038 418 2101 i
465 2038 472 2053 ‘
493 2037 643 2122 ferroque
658 2036 828 2123 populatus
845 2039 929 2100 intra
946 2040 1070 2104 castell:

63 2139 68 2141 ·
133 2118 230 2184 urbes
247 2119 382 2204 redegit,
403 2125 535 2186 breson
550 2120 770 2185 Eleuthernan
791 2132 830 2203 et,
847 2133 883 2185 ut
895 2120 1013 2202 Graeci
1026 2123 1070 2187 di«

110 2202 254 2285 5solent‚
279 2203 408 2269 urbium
427 2215 564 2270 matrem
584 2203 787 2290 Cydoneam3
815 2205 958 2304 adeoque
981 2227 1070 2270 saev«

134 2288 278 2374 captivos
301 2289 551 2373 consulebatur„
571 2297 608 2353 ut
627 2312 754 2356 veneno
780 2313 814 2354 se
834 2289 978 2375 plenque
998 2297 1070 2354 conl

133 2380 214 2452 rent,
234 2371 290 2434 alii
307 2372 501 2438 deditionem
512 2373 663 2437 suamad
673 2373 862 2460 Pompeium
879 2372 1046 2435 absentem
1064 2397 1070 2436 1

109 2463 248 2523 sterent.
272 2462 304 2517 et
321 2476 393 2518 oum
409 2457 464 2520 ille
481 2478 533 2520 res
550 2457 585 2518 in
600 2456 681 2518 Asia
719 2479 821 2537 erens,
839 2478 876 2520 eo
895 2477 1021 2541 quoque
1039 2479 1070 2541 pr

134 2535 264 2601 fectum.
275 2537 415 2601 misisset
434 2539 612 2602 Antonium
631 2540 666 2600 in
686 2479 826 2602 alienam
847 2540 1065 2625 provinciam,

133 2617 214 2682 ritus
236 2618 312 2698 fuit,
343 2624 444 2705 eoque
464 2619 612 2684 infestior
633 2621 782 2686 Metellus
807 2623 842 2684 in
862 2623 970 2686 hostes
994 2625 1044 2686 ius
1067 2647 1071 2654 ’

133 2700 213 2765 toris
234 2703 387 2784 exercuit,
409 2704 568 2803 victisque
577 2703 739 2769 Lasthene
757 2714 788 2769 et
798 2706 934 2789 Panare,
958 2706 1070 2791 Cydon

135 2782 286 2866 ducibus,
312 2785 417 2851 victor
438 2787 544 2851 rediit.
578 2788 831 2875 necquicquam
858 2798 967 2853 tamen
994 2790 1070 2874 amp

134 2868 175 2934 de
195 2877 261 2931 tam
282 2868 405 2933 famosa
427 2871 563 2936 victoria
585 2893 682 2958 quam
701 2892 880 2958 cognomen
902 2873 1067 2941 Oreticum

133 2953 285 3038 portavit.
520 2978 525 2985 ¹

300 3084 426 3149 xum.
455 3084 639 3177 nunaunt
660 3086 964 3152 sannuncurt.

65 3201 143 3284 111,8
216 3202 381 3283 Quatenus
396 3202 520 3268 Metelli
536 3202 739 3267 Macedonici
758 3205 870 3268 domus
887 3203 1012 3269 bellicis
1034 3226 1070 3287 ag

26 3282 34 3310 ⁵
133 3282 273 3349 minibus
288 3288 491 3369 adsueverat,
511 3285 613 3351 altero
632 3308 673 3350 ex
683 3286 795 3351 liberis
816 3289 882 3350 eius
899 3287 1027 3351 Cretico
1044 3288 1070 3350 fe

132 3386 222 3429 mora
236 3389 301 3432 non
321 3370 384 3434 fuit
425 3372 482 3435 uin
503 3369 585 3434 alter
605 3393 667 3455 quo
690 3393 731 3434 ue
747 3371 931 3434 Balearicus
948 3392 1070 3434 vocare*

107 3449 284 3518 2Baleares
309 3470 367 3538 per
392 3394 431 3519 id·
451 3462 576 3539 tempus
602 3454 652 3520 ins
689 3477 728 3519 ae
755 3454 890 3541 piratica
912 3453 1002 3544 rabie
1028 3475 1070 3520 ms
